,instrument,exchange_timestamp,last_price,volume,turnover,volume_lot,cum_bid_qty,cum_ask_qty,bid0_price,bid0_qty,bid0_qty_unit,bid1_price,bid1_qty,bid1_qty_unit,bid2_price,bid2_qty,bid2_qty_unit,bid3_price,bid3_qty,bid3_qty_unit,bid4_price,bid4_qty,bid4_qty_unit,bid5_price,bid5_qty,bid5_qty_unit,bid6_price,bid6_qty,bid6_qty_unit,bid7_price,bid7_qty,bid7_qty_unit,bid8_price,bid8_qty,bid8_qty_unit,bid9_price,bid9_qty,bid9_qty_unit,ask0_price,ask0_qty,ask0_qty_unit,ask1_price,ask1_qty,ask1_qty_unit,ask2_price,ask2_qty,ask2_qty_unit,ask3_price,ask3_qty,ask3_qty_unit,ask4_price,ask4_qty,ask4_qty_unit,ask5_price,ask5_qty,ask5_qty_unit,ask6_price,ask6_qty,ask6_qty_unit,ask7_price,ask7_qty,ask7_qty_unit,ask8_price,ask8_qty,ask8_qty_unit,ask9_price,ask9_qty,ask9_qty_unit,bid_cancel_unit,bid_cancel_qty,bid_cancel_amount,cum_bid_unit,bid_max_waiting_time,bid_order_number,ask_cancel_unit,ask_cancel_qty,ask_cancel_amount,cum_ask_unit,ask_max_waiting_time,ask_order_amount
14871,SZE123037,2020-08-21 09:30:03,186.5,23630,4408140.09,234,20850,16910,186.5,10,1,186.28099999999998,50,1,186.28,30,1,186.2,240,2,186.1,70,2,186.00900000000001,140,1,186.0,2180,29,185.771,450,3,185.77,160,3,185.0,5480,8,187.77700000000002,720,1,188.5,250,1,189.0,200,1,189.688,2430,1,189.8,200,1,189.9,2600,2,189.97,290,1,189.99,50,1,189.99900000000002,140,1,190.0,810,5,0,0,0.0,0,0,0,0,0,0.0,0,0,0
15205,SZE123037,2020-08-21 09:30:06,187.002,32310,6034359.97,344,45160,29060,187.002,840,1,186.55,410,2,186.50099999999998,100,2,186.5,810,2,186.38,280,1,186.3,270,1,186.282,800,1,186.28,930,2,186.201,140,1,186.2,510,2,187.577,300,1,187.77,10,1,187.88,130,1,187.98,1000,1,187.99,1000,1,188.0,1130,4,188.5,310,2,188.6,100,1,188.77,1000,1,188.82,70,1,0,0,0.0,0,0,0,0,0,0.0,0,0,0
15497,SZE123037,2020-08-21 09:30:09,187.99,37570,7019662.82,405,56630,30210,187.605,60,1,187.003,850,2,187.0,1530,7,186.9,10,1,186.801,50,1,186.601,50,1,186.551,150,2,186.502,50,1,186.5,1500,7,186.38,280,1,187.99,540,1,188.0,1490,7,188.5,310,2,188.6,100,1,188.82,70,1,188.88,10,1,188.99,1020,1,189.0,320,3,189.25900000000001,40,1,189.688,2430,1,0,0,0.0,0,0,0,0,0,0.0,0,0,0
15791,SZE123037,2020-08-21 09:30:12,188.00400000000002,43720,8176492.82,460,62390,27520,188.00599999999997,80,1,188.00400000000002,370,1,188.003,60,1,188.0,450,4,187.888,10,1,187.78599999999997,790,1,187.78,760,2,187.77700000000002,30,1,187.00400000000002,720,1,187.002,200,2,188.987,60,1,188.988,100,1,188.99,20,1,189.0,320,3,189.25900000000001,40,1,189.688,2430,1,189.77,470,3,189.798,10,1,189.8,270,3,189.88,2140,1,0,0,0.0,0,0,0,0,0,0.0,0,0,0
16080,SZE123037,2020-08-21 09:30:15,188.00099999999998,47780,8942462.76,500,64920,30630,188.82,1060,1,188.122,60,1,188.11900000000003,150,1,188.0,300,5,187.99,700,4,187.98,630,1,187.888,10,1,187.88,390,1,187.78,760,2,187.77700000000002,30,1,189.253,60,1,189.25599999999997,40,1,189.55700000000002,80,1,189.675,460,1,189.676,300,2,189.67700000000002,640,1,189.683,140,1,189.68400000000003,70,1,189.688,2260,1,189.77,470,3,0,0,0.0,0,0,0,0,0,0.0,0,0,0
16344,SZE123037,2020-08-21 09:30:18,188.99,50520,9460079.25,532,62960,30630,188.99099999999999,70,1,188.99,20,1,188.988,10,1,188.123,60,1,188.012,40,1,188.00599999999997,10,1,188.00099999999998,50,1,188.0,1460,9,187.99,2680,12,187.98,630,1,189.173,640,1,189.176,90,1,189.17700000000002,10,1,189.507,10,1,189.55700000000002,40,1,189.675,460,1,189.676,300,2,189.68400000000003,70,1,189.688,2260,1,189.77,470,3,0,0,0.0,0,0,0,0,0,0.0,0,0,0
16617,SZE123037,2020-08-21 09:30:21,189.253,52780,9887653.75,565,64360,29970,189.25599999999997,60,1,189.253,700,2,189.25,100,1,189.188,50,1,188.998,20,1,188.99,130,2,188.988,50,1,188.987,270,2,188.835,50,1,188.12400000000002,680,1,189.669,130,1,189.67,100,1,189.672,60,1,189.675,330,1,189.676,300,2,189.688,2260,1,189.77,470,3,189.798,10,1,189.8,270,3,189.88,2140,1,0,0,0.0,0,0,0,0,0,0.0,0,0,0
16858,SZE123037,2020-08-21 09:30:24,188.815,60820,11405473.25,618,56140,39620,188.162,60,1,188.15900000000002,20,1,188.149,740,1,188.148,100,1,188.14700000000002,80,1,188.136,90,1,188.135,30,1,188.123,90,2,188.05,70,1,188.02,280,1,188.81799999999998,200,1,188.82,4030,1,188.99099999999999,210,2,189.0,500,1,189.173,160,1,189.253,5000,1,189.36700000000002,20,1,189.452,50,1,189.676,300,2,189.688,2260,1,0,0,0.0,0,0,0,0,0,0.0,0,0,0
17147,SZE123037,2020-08-21 09:30:27,188.817,69650,13069566.56,691,49860,38440,188.179,120,1,188.178,60,1,188.175,50,1,188.172,10,1,188.16099999999997,480,1,188.00099999999998,30,1,188.0,50,1,187.99,810,5,187.78,50,1,187.77700000000002,100,1,188.82,1820,1,188.99,610,2,188.99099999999999,370,4,189.0,500,1,189.173,160,1,189.253,5020,2,189.25599999999997,110,2,189.26,360,1,189.668,30,1,189.676,300,2,0,0,0.0,0,0,0,0,0,0.0,0,0,0
17396,SZE123037,2020-08-21 09:30:30,189.253,81120,15237545.09,749,48410,30830,189.1,270,1,188.99099999999999,100,1,188.99,20,1,188.987,730,2,188.955,20,1,188.82,310,3,188.81799999999998,70,2,188.71200000000002,50,1,188.19099999999997,160,2,188.0,50,1,189.253,510,3,189.25599999999997,210,3,189.26,360,1,189.669,10,1,189.676,300,2,189.688,2260,1,189.77,470,3,189.798,10,1,189.8,270,3,189.88,2140,1,0,0,0.0,0,0,0,0,0,0.0,0,0,0
17636,SZE123037,2020-08-21 09:30:33,188.987,85040,15978994.52,800,47250,29520,188.99,60,1,188.988,100,1,188.987,570,1,188.82,450,6,188.81799999999998,160,4,188.18,30,1,188.0,50,1,187.99,620,4,187.78,50,1,187.77,130,1,189.25599999999997,130,3,189.26,360,1,189.668,190,2,189.669,10,1,189.675,230,1,189.676,300,2,189.688,2260,1,189.77,470,3,189.798,10,1,189.8,270,3,0,0,0.0,0,0,0,0,0,0.0,0,0,0
17907,SZE123037,2020-08-21 09:30:36,189.26,89900,16896826.21,847,44890,28250,188.71900000000002,60,1,188.71599999999998,10,1,188.236,50,1,188.225,100,1,188.173,50,1,188.019,670,1,188.00599999999997,20,1,188.002,10,1,188.00099999999998,10,1,188.0,50,1,189.255,30,1,189.25900000000001,60,1,189.26,240,1,189.669,10,1,189.675,230,1,189.676,300,2,189.688,2260,1,189.77,260,2,189.798,10,1,189.8,270,3,0,0,0.0,0,0,0,0,0,0.0,0,0,0
18165,SZE123037,2020-08-21 09:30:39,189.672,92410,17372769.3,877,47700,27480,189.669,1590,1,189.273,100,1,189.27200000000002,100,1,189.271,90,1,189.26,1510,3,189.253,840,5,189.25,580,1,189.00099999999998,100,1,189.0,170,2,188.82,250,5,189.672,170,1,189.688,1990,1,189.77,260,2,189.798,10,1,189.8,270,3,189.88,2140,1,189.888,300,1,189.9,2600,2,189.97,290,1,189.99,60,2,0,0,0.0,0,0,0,0,0,0.0,0,0,0
18427,SZE123037,2020-08-21 09:30:42,189.68,95840,18023063.47,905,48060,27320,189.68,20,1,189.675,50,1,189.271,70,1,189.261,1490,3,189.26,1190,4,189.25599999999997,340,2,189.255,490,1,189.253,1110,6,189.25,580,1,189.00099999999998,100,1,189.688,1840,1,189.77,260,2,189.798,10,1,189.8,270,3,189.88,2140,1,189.888,300,1,189.9,2600,2,189.97,290,1,189.99,60,2,189.99900000000002,150,2,0,0,0.0,0,0,0,0,0,0.0,0,0,0
18687,SZE123037,2020-08-21 09:30:45,189.688,100160,18842279.05,942,42220,25370,189.688,110,1,189.672,10,1,189.67,20,1,189.669,170,1,189.5,100,1,189.27200000000002,30,1,189.262,690,1,189.261,110,1,189.26,1030,3,189.25599999999997,650,3,189.797,20,1,189.798,10,1,189.8,270,3,189.88,2140,1,189.888,300,1,189.9,2600,2,189.97,290,1,189.99,60,2,189.99900000000002,150,2,190.0,1700,17,0,0,0.0,0,0,0,0,0,0.0,0,0,0
18961,SZE123037,2020-08-21 09:30:48,189.8,102090,19208579.73,966,43010,24510,189.68900000000002,100,1,189.688,210,2,189.672,220,2,189.669,130,1,189.50099999999998,540,1,189.5,100,1,189.271,470,1,189.261,110,1,189.26,2900,4,189.25599999999997,650,3,189.88,1540,1,189.888,300,1,189.9,2600,2,189.97,290,1,189.99,60,2,189.99900000000002,150,2,190.0,1740,19,190.31,130,1,190.74,80,1,190.77,100,1,0,0,0.0,0,0,0,0,0,0.0,0,0,0
19216,SZE123037,2020-08-21 09:30:51,189.688,104620,19688660.93,1001,46140,24920,189.688,410,6,189.68,100,1,189.672,5420,5,189.669,130,1,189.5,100,1,189.271,470,1,189.261,110,1,189.26,2870,3,189.25599999999997,320,2,189.255,220,2,189.87900000000002,380,1,189.88,1300,1,189.888,300,1,189.9,2600,2,189.97,290,1,189.99,60,2,189.99900000000002,150,2,190.0,1840,20,190.31,130,1,190.74,80,1,0,0,0.0,0,0,0,0,0,0.0,0,0,0
19459,SZE123037,2020-08-21 09:30:54,189.688,108170,20362197.04,1042,44990,26870,189.672,4510,3,189.669,130,1,189.5,100,1,189.261,110,1,189.26,2870,3,189.25599999999997,320,2,189.255,220,2,189.253,940,4,189.25,580,1,189.00099999999998,100,1,189.688,370,1,189.68900000000002,560,2,189.875,300,1,189.87599999999998,130,1,189.878,170,1,189.88,1300,1,189.888,300,1,189.9,2300,1,189.97,290,1,189.99,60,2,0,0,0.0,0,0,0,0,0,0.0,0,0,0
19696,SZE123037,2020-08-21 09:30:57,189.88,112290,21143951.94,1079,44780,25540,189.7,100,1,189.69799999999998,20,1,189.68900000000002,100,1,189.688,210,1,189.672,4430,3,189.669,130,1,189.5,100,1,189.261,110,1,189.26,2870,3,189.25599999999997,120,2,189.88,1040,3,189.888,300,1,189.9,2300,1,189.96900000000002,10,1,189.97,290,1,189.99,60,2,189.99900000000002,150,2,190.0,1890,21,190.31,130,1,190.71900000000002,10,1,0,0,0.0,0,0,0,0,0,0.0,0,0,0
19966,SZE123037,2020-08-21 09:31:00,190.1,122300,23044893.75,1158,43110,21800,190.1,1150,1,189.9,50,1,189.88,670,3,189.87900000000002,310,2,189.875,30,1,189.797,20,1,189.71,60,1,189.68900000000002,530,1,189.688,570,3,189.673,690,1,190.71400000000003,140,1,190.715,460,4,190.71599999999998,60,1,190.71900000000002,10,1,190.74,80,1,190.77,100,1,190.77900000000002,300,1,190.99,200,1,191.0,10,1,191.4,60,1,0,0,0.0,0,0,0,0,0,0.0,0,0,0
20216,SZE123037,2020-08-21 09:31:03,189.97,124220,23409734.15,1180,39410,21870,190.0,1560,1,189.88,240,1,189.87900000000002,110,1,189.875,30,1,189.797,20,1,189.7,30,1,189.69,160,1,189.688,900,7,189.675,250,1,189.672,4180,4,190.674,200,1,190.676,60,1,190.679,100,1,190.68,10,1,190.71400000000003,140,1,190.715,460,4,190.71900000000002,10,1,190.74,80,1,190.77,100,1,190.77900000000002,300,1,0,0,0.0,0,0,0,0,0,0.0,0,0,0
20457,SZE123037,2020-08-21 09:31:06,191.06,129100,24340423.88,1251,42150,21610,191.06,280,1,191.002,100,1,191.0,190,1,190.722,450,1,190.72099999999998,60,2,190.71400000000003,180,2,190.71,150,1,190.704,20,1,190.5,280,1,190.14,50,1,191.99599999999998,60,1,191.99900000000002,70,1,192.0,1340,10,192.1,290,2,192.33,10,1,192.41099999999997,30,1,192.5,1000,2,192.58,50,1,192.77,40,1,192.8,20,1,0,0,0.0,0,0,0,0,0,0.0,0,0,0
20701,SZE123037,2020-08-21 09:31:09,191.601,132420,24975171.61,1289,43020,23040,191.011,10,1,191.0,240,1,190.99,170,1,190.74,210,1,190.71599999999998,160,1,190.71400000000003,370,5,190.71,490,2,190.69,100,1,190.676,60,1,190.674,680,3,191.601,410,1,191.602,90,1,191.605,80,1,191.608,100,1,191.609,380,1,191.61,130,1,191.611,30,1,191.638,140,1,191.81599999999997,20,1,192.0,1340,10,0,0,0.0,0,0,0,0,0,0.0,0,0,0
20948,SZE123037,2020-08-21 09:31:12,191.638,134690,25409525.29,1327,50060,22170,191.265,20,1,191.253,180,1,191.112,460,1,191.111,30,1,191.1,860,2,191.082,50,1,191.071,30,1,191.06099999999998,30,1,190.75099999999998,30,1,190.74,30,1,191.638,80,1,191.81599999999997,20,1,191.99599999999998,30,1,192.0,1640,11,192.1,290,2,192.33,10,1,192.5,1000,2,192.58,50,1,192.77,40,1,192.8,70,2,0,0,0.0,0,0,0,0,0,0.0,0,0,0
21202,SZE123037,2020-08-21 09:31:15,191.926,139130,26261499.42,1386,45920,20580,191.99599999999998,30,1,191.63299999999998,10,1,191.622,210,2,191.612,690,1,191.611,600,1,191.61,190,1,191.609,140,1,191.602,20,1,191.601,10,1,191.6,230,2,192.09900000000002,180,1,192.1,290,2,192.33,10,1,192.5,1000,2,192.58,50,1,192.77,40,1,192.8,70,2,192.9,560,1,192.988,200,1,192.99,20,1,0,0,0.0,0,0,0,0,0,0.0,0,0,0
21446,SZE123037,2020-08-21 09:31:18,192.49900000000002,142880,26981813.77,1420,42060,20230,192.011,120,1,192.0,200,1,191.99599999999998,440,1,191.81900000000002,50,1,191.81599999999997,110,2,191.66,280,1,191.638,160,1,191.612,690,1,191.61,470,1,191.609,150,2,192.49900000000002,380,1,192.5,570,2,192.58,50,1,192.69,180,1,192.77,40,1,192.8,70,2,192.9,560,1,192.988,200,1,192.99,20,1,193.0,520,9,0,0,0.0,0,0,0,0,0,0.0,0,0,0
21709,SZE123037,2020-08-21 09:31:21,192.12099999999998,146150,27610389.26,1467,50810,19280,192.33,40,1,192.11599999999999,120,2,192.105,30,1,192.10299999999998,260,1,192.102,700,1,192.101,950,1,192.1,1650,4,192.09900000000002,670,2,192.0,6770,5,191.827,60,1,192.58,50,1,192.69,180,1,192.77,40,1,192.8,70,2,192.9,560,1,192.988,200,1,192.99,20,1,193.0,520,9,193.4,10,1,193.5,10,1,0,0,0.0,0,0,0,0,0,0.0,0,0,0
21962,SZE123037,2020-08-21 09:31:24,193.0,150570,28462291.11,1526,48400,17760,192.771,10,1,192.77,10,1,192.69099999999997,1110,2,192.69,1710,1,192.583,80,1,192.58,300,1,192.511,80,1,192.51,30,1,192.5,2180,6,192.49900000000002,1480,6,193.4,10,1,193.5,10,1,193.77,1110,1,193.8,50,1,193.88,100,1,193.99900000000002,30,1,194.0,2480,3,194.44,50,1,194.77,300,1,194.99,20,1,0,0,0.0,0,0,0,0,0,0.0,0,0,0
22209,SZE123037,2020-08-21 09:31:27,193.40200000000002,152660,28865735.1,1554,59160,18120,193.02200000000002,180,1,193.012,50,1,193.011,20,1,193.00099999999998,410,2,193.0,7100,4,192.801,90,1,192.8,650,2,192.78099999999998,50,1,192.692,50,1,192.69,2850,3,193.40200000000002,50,1,193.403,30,1,193.498,10,1,193.764,50,1,193.765,100,1,193.769,210,1,193.77,1050,1,193.8,50,1,193.88,100,1,193.99900000000002,30,1,0,0,0.0,0,0,0,0,0,0.0,0,0,0
22476,SZE123037,2020-08-21 09:31:30,193.77,157080,29720420.26,1605,58980,18940,193.5,20,1,193.423,200,1,193.422,50,1,193.412,100,1,193.41099999999997,20,1,193.4,700,3,193.023,1130,2,193.012,50,1,193.00099999999998,220,2,193.0,6920,8,193.769,210,2,193.77,430,1,193.8,50,1,193.88,100,1,193.99900000000002,230,2,194.0,2490,4,194.44,50,1,194.77,300,1,194.88,50,1,195.0,2080,15,0,0,0.0,0,0,0,0,0,0.0,0,0,0
22733,SZE123037,2020-08-21 09:31:33,194.00099999999998,165970,31443201.49,1677,60590,15870,194.00099999999998,20,1,194.0,50,1,193.765,870,1,193.764,180,1,193.638,520,1,193.435,300,2,193.43400000000003,200,1,193.41099999999997,40,1,193.403,720,1,193.40200000000002,780,3,194.43599999999998,70,1,194.437,60,1,194.44,50,1,194.769,510,2,194.77,300,1,194.88,50,1,195.0,2080,15,195.04,150,1,195.2,50,1,195.5,30,1,0,0,0.0,0,0,0,0,0,0.0,0,0,0
22987,SZE123037,2020-08-21 09:31:36,194.0,172270,32666709.98,1740,56780,15110,194.0,1210,2,193.8,30,1,193.799,10,1,193.787,100,2,193.77599999999998,250,2,193.769,360,3,193.765,1120,3,193.764,180,1,193.76,10,1,193.638,520,1,194.5,60,1,194.642,50,1,194.998,100,1,194.99900000000002,530,1,195.0,1610,15,195.04,150,1,195.2,50,1,195.5,30,1,195.688,250,1,195.77,280,3,0,0,0.0,0,0,0,0,0,0.0,0,0,0
23242,SZE123037,2020-08-21 09:31:39,195.043,179350,34045716.18,1806,61430,13370,195.046,60,1,195.043,490,1,195.042,80,1,195.04,10,1,195.00099999999998,710,2,195.0,3110,2,194.45,110,1,194.44099999999997,50,1,194.44,390,4,194.43599999999998,1000,5,195.49599999999998,60,1,195.49900000000002,120,1,195.5,30,1,195.687,120,2,195.688,250,1,195.77,280,3,195.88,10,1,196.0,450,3,196.6,110,1,196.67,10,1,0,0,0.0,0,0,0,0,0,0.0,0,0,0
23514,SZE123037,2020-08-21 09:31:42,195.0,182990,34755623.71,1835,59260,15870,195.0,3530,6,194.50099999999998,100,1,194.5,90,2,194.48,200,1,194.44099999999997,50,1,194.44,410,4,194.437,140,2,194.43599999999998,1570,9,194.22,300,1,194.00099999999998,110,4,195.33,430,1,195.332,360,1,195.335,560,2,195.33599999999998,50,1,195.33700000000002,60,1,195.34,60,1,195.34099999999998,30,2,195.412,610,1,195.41400000000002,100,1,195.415,60,1,0,0,0.0,0,0,0,0,0,0.0,0,0,0
23763,SZE123037,2020-08-21 09:31:45,195.688,187330,35603093.86,1893,55060,14320,195.688,10,1,195.502,100,1,195.5,420,2,195.49900000000002,40,1,195.015,100,1,195.013,1260,2,195.012,50,1,195.011,40,1,195.0,4060,14,194.99,20,1,195.77,280,3,195.88,10,1,196.0,630,5,196.6,110,1,196.67,140,2,197.0,1980,5,197.2,10,1,197.8,150,1,198.0,1000,5,198.92,50,1,0,0,0.0,0,0,0,0,0,0.0,0,0,0
24029,SZE123037,2020-08-21 09:31:48,196.1,191370,36394281.15,1935,63200,14180,196.101,100,1,196.1,1450,3,196.0,950,3,195.88,880,2,195.699,40,1,195.688,160,1,195.687,260,1,195.68,60,1,195.50099999999998,200,1,195.5,770,6,196.487,60,1,196.59900000000002,520,1,196.6,110,1,196.67,140,2,197.0,1980,5,197.2,10,1,197.8,150,1,198.0,1050,6,198.92,50,1,199.0,3050,6,0,0,0.0,0,0,0,0,0,0.0,0,0,0
24279,SZE123037,2020-08-21 09:31:51,196.36900000000003,194000,36910435.86,1978,65080,15390,196.122,200,1,196.111,40,1,196.102,200,1,196.1,950,2,196.0,1910,9,195.99,10,1,195.88,910,3,195.77,360,3,195.688,810,3,195.687,260,1,196.42,120,1,196.5,10,1,196.597,100,1,196.59900000000002,480,1,196.6,110,1,196.67,170,3,197.0,1980,5,197.2,10,1,197.8,150,1,197.98,580,1,0,0,0.0,0,0,0,0,0,0.0,0,0,0
24567,SZE123037,2020-08-21 09:31:54,196.00099999999998,198720,37837494.1,2066,57980,13090,196.101,30,1,196.00400000000002,60,1,196.00099999999998,780,2,196.0,1580,11,195.99,10,1,195.88,730,4,195.77,1450,11,195.7,40,1,195.688,810,3,195.6,100,1,196.275,10,1,196.332,50,1,196.399,100,1,196.486,100,1,196.769,10,1,196.827,50,1,196.896,100,1,196.99400000000003,60,1,196.997,440,1,196.99900000000002,100,1,0,0,0.0,0,0,0,0,0,0.0,0,0,0
24808,SZE123037,2020-08-21 09:31:57,196.6,204670,39007772.81,2129,54800,12930,196.6,810,1,196.59900000000002,140,1,196.487,280,2,196.42,1070,6,196.4,10,1,196.36900000000003,10,1,196.2,20,1,196.13,30,1,196.111,50,1,196.101,390,2,196.923,10,1,196.99099999999999,30,1,196.99400000000003,150,1,196.995,200,1,196.997,500,4,196.998,160,1,197.0,1310,5,197.2,10,1,197.8,150,1,198.0,1050,6,0,0,0.0,0,0,0,0,0,0.0,0,0,0
25074,SZE123037,2020-08-21 09:32:00,195.89,222260,42460506.6,2257,45510,17380,195.771,90,1,195.77,180,3,195.7,40,1,195.688,760,2,195.6,100,1,195.5,170,1,195.49900000000002,140,2,195.49599999999998,570,5,195.35,150,1,195.33700000000002,10,1,195.99900000000002,280,1,196.0,3910,3,196.00400000000002,50,1,196.101,380,3,196.122,20,1,196.36900000000003,30,1,196.6,10,1,196.643,100,1,196.767,50,1,196.768,100,1,0,0,0.0,0,0,0,0,0,0.0,0,0,0
25318,SZE123037,2020-08-21 09:32:03,195.865,231410,44250674.97,2346,42740,22450,195.05,130,1,195.048,550,1,195.046,500,1,195.00099999999998,680,1,195.0,2280,8,194.502,100,1,194.50099999999998,370,1,194.5,480,2,194.44099999999997,20,1,194.43599999999998,250,2,195.865,70,1,195.98,300,3,196.0,3740,5,196.00400000000002,50,1,196.101,4210,5,196.122,640,3,196.36900000000003,60,2,196.399,160,1,196.4,100,1,196.487,200,1,0,0,0.0,0,0,0,0,0,0.0,0,0,0
25579,SZE123037,2020-08-21 09:32:06,195.0,237260,45392168.78,2407,37940,26880,194.50099999999998,110,1,194.5,480,2,194.44099999999997,20,1,194.43599999999998,250,2,194.00099999999998,200,1,194.0,500,3,193.99900000000002,880,1,193.77,100,1,193.769,180,2,193.765,2640,2,194.995,210,1,194.99599999999998,80,1,194.99900000000002,550,1,195.0,1160,1,195.36900000000003,340,1,195.5,1290,3,195.6,570,3,195.77,130,3,195.771,690,1,195.84599999999998,240,3,0,0,0.0,0,0,0,0,0,0.0,0,0,0
25847,SZE123037,2020-08-21 09:32:09,194.44099999999997,240050,45934807.41,2449,35030,32800,194.22400000000002,170,1,194.22299999999998,70,1,194.222,20,1,194.015,20,1,194.00599999999997,50,1,194.00400000000002,100,2,194.003,170,1,194.0,500,3,193.99900000000002,880,1,193.77,100,1,194.44099999999997,40,1,194.895,550,1,194.89700000000002,230,1,194.9,1010,1,194.997,200,1,195.0,6370,7,195.04,60,1,195.043,100,1,195.048,320,3,195.05,910,5,0,0,0.0,0,0,0,0,0,0.0,0,0,0
26092,SZE123037,2020-08-21 09:32:12,194.5,245750,47042759.37,2522,36680,34340,194.051,210,1,194.05,50,1,194.03900000000002,100,1,194.03099999999998,200,1,194.028,50,1,194.00599999999997,1460,2,194.00400000000002,50,1,194.0,510,4,193.99900000000002,880,1,193.77,100,1,194.438,60,1,194.44099999999997,100,1,194.5,40,2,194.50099999999998,1530,8,194.571,90,1,194.739,30,1,194.995,200,2,194.997,200,1,194.998,20,1,195.0,7300,10,0,0,0.0,0,0,0,0,0,0.0,0,0,0
26351,SZE123037,2020-08-21 09:32:15,194.222,249530,47776529.14,2560,33560,34610,194.00599999999997,870,2,194.002,10,1,194.00099999999998,20,1,194.0,510,4,193.99900000000002,880,1,193.77,100,1,193.765,490,1,193.764,30,1,193.638,520,1,193.4,2020,5,194.22099999999998,210,1,194.222,210,1,194.22400000000002,790,9,194.3,730,1,194.328,20,1,194.333,50,1,194.393,100,1,194.43599999999998,10,1,194.438,30,1,194.44099999999997,210,3,0,0,0.0,0,0,0,0,0,0.0,0,0,0
26621,SZE123037,2020-08-21 09:32:18,194.051,256760,49180258.46,2641,33260,29310,194.00599999999997,10,1,194.0,210,1,193.99900000000002,880,1,193.767,770,1,193.766,660,1,193.765,490,1,193.764,30,1,193.638,520,1,193.4,2020,5,193.0,460,5,194.199,210,1,194.2,20,1,194.22,30,1,194.22099999999998,140,1,194.22400000000002,350,3,194.438,50,1,194.44099999999997,290,5,194.5,1380,10,194.50099999999998,2590,14,194.995,190,2,0,0,0.0,0,0,0,0,0,0.0,0,0,0
26898,SZE123037,2020-08-21 09:32:21,194.291,266480,51067449.46,2733,35440,27280,194.3,2770,1,193.99900000000002,650,1,193.768,200,1,193.767,670,1,193.766,200,1,193.765,490,1,193.764,30,1,193.638,520,1,193.4,2020,5,193.0,470,6,194.437,210,1,194.438,140,1,194.49900000000002,70,1,194.5,1050,9,194.50099999999998,2350,13,194.995,190,2,194.997,200,1,194.998,20,1,195.0,2090,14,195.05,440,5,0,0,0.0,0,0,0,0,0,0.0,0,0,0
27159,SZE123037,2020-08-21 09:32:24,194.051,278680,53436517.36,2816,32800,25790,194.051,110,1,194.05,150,1,193.771,60,1,193.768,630,1,193.767,140,1,193.765,490,1,193.764,30,1,193.638,520,1,193.40200000000002,710,1,193.40099999999998,200,1,194.197,20,1,194.199,90,1,194.4,10,1,194.5,970,9,194.50099999999998,2290,12,194.995,190,2,194.997,200,1,194.998,20,1,195.0,2100,15,195.05,390,4,0,0,0.0,0,0,0,0,0,0.0,0,0,0
27406,SZE123037,2020-08-21 09:32:27,195.05,286510,54959852.92,2897,33130,20030,194.44099999999997,210,1,194.44,100,1,194.438,150,1,194.22099999999998,10,1,194.209,60,1,194.208,100,1,193.775,200,1,193.768,630,1,193.767,140,1,193.765,490,1,195.05,340,4,195.44099999999997,100,1,195.77,80,2,195.771,430,5,195.865,100,1,195.899,30,1,195.99900000000002,20,1,196.0,950,8,196.00400000000002,50,1,196.05,550,1,0,0,0.0,0,0,0,0,0,0.0,0,0,0
27675,SZE123037,2020-08-21 09:32:30,195.502,293200,56266224.74,2948,33730,21180,195.1,50,1,195.01,140,1,194.62400000000002,120,1,194.5,110,2,194.442,40,1,194.44,340,1,194.438,170,2,194.437,330,1,194.22099999999998,10,1,194.19,10,1,195.859,210,1,195.86,30,1,195.861,760,1,195.863,100,1,195.865,30,1,195.899,30,1,195.99900000000002,20,1,196.0,1120,10,196.00400000000002,50,1,196.05,550,1,0,0,0.0,0,0,0,0,0,0.0,0,0,0
27949,SZE123037,2020-08-21 09:32:33,194.502,298910,57379551.8,2999,35570,21200,194.503,70,1,194.502,570,1,194.50099999999998,80,1,194.445,20,1,194.44099999999997,150,3,194.44,10,1,194.438,170,2,194.437,330,1,194.291,90,1,194.22099999999998,10,1,195.84400000000002,210,1,195.845,100,1,195.84799999999998,110,1,195.84900000000002,70,1,195.851,200,1,195.856,350,1,195.858,200,1,195.865,30,1,195.899,30,1,195.99900000000002,20,1,0,0,0.0,0,0,0,0,0,0.0,0,0,0
28218,SZE123037,2020-08-21 09:32:36,195.05200000000002,308350,59226516.47,3068,38730,21720,195.6,200,1,195.1,200,1,195.055,400,2,195.054,100,1,195.05200000000002,50,1,195.051,320,1,195.05,1140,9,195.0,2570,2,194.995,90,1,194.905,40,1,195.74099999999999,210,1,195.74200000000002,240,1,195.745,640,1,195.747,300,1,195.77,1000,1,195.8,10,1,195.99900000000002,200,1,196.0,140,1,196.00099999999998,180,1,196.00400000000002,10,1,0,0,0.0,0,0,0,0,0,0.0,0,0,0
28454,SZE123037,2020-08-21 09:32:39,195.859,319360,61378235.29,3142,36360,20420,195.859,1400,1,195.84900000000002,680,1,195.845,40,1,195.201,100,1,195.2,70,1,195.13,270,2,195.128,70,1,195.127,50,1,195.12,90,1,195.1,50,1,195.989,110,1,195.99,250,2,196.0,400,2,196.00099999999998,180,1,196.00400000000002,10,1,196.05,550,1,196.09400000000002,50,1,196.101,540,5,196.122,180,4,196.3,120,1,0,0,0.0,0,0,0,0,0,0.0,0,0,0
28697,SZE123037,2020-08-21 09:32:42,196.325,327210,62917716.38,3204,43930,19210,196.325,30,1,196.3,1190,1,196.0,90,2,195.898,40,1,195.86,700,1,195.859,1540,2,195.845,40,1,195.84400000000002,20,1,195.8,200,1,195.747,4870,1,196.59900000000002,210,1,196.6,280,5,196.768,760,1,196.769,100,1,196.771,20,1,196.8,10,1,196.9,140,2,196.923,10,1,196.995,10,1,196.998,160,1,0,0,0.0,0,0,0,0,0,0.0,0,0,0
28959,SZE123037,2020-08-21 09:32:45,196.0,335680,64578588.87,3245,41810,21260,196.0,530,1,195.863,70,1,195.859,730,3,195.845,40,1,195.8,200,1,195.77,200,1,195.747,4870,1,195.74200000000002,20,1,195.74,170,1,195.201,100,1,196.195,50,1,196.196,970,2,196.197,700,1,196.2,600,1,196.39,30,1,196.455,150,1,196.487,380,1,196.6,280,5,196.769,100,1,196.771,20,1,0,0,0.0,0,0,0,0,0,0.0,0,0,0
29210,SZE123037,2020-08-21 09:32:48,198.0,352350,67854364.91,3378,39980,14030,197.225,30,1,197.215,50,1,197.21400000000003,10,1,197.21200000000002,210,1,197.21099999999998,20,1,197.10299999999998,50,1,197.102,60,1,197.0,120,1,196.88299999999998,760,1,196.88099999999997,50,1,197.998,100,1,198.0,1080,10,198.38,10,1,198.91,240,1,198.92,50,1,198.98,580,1,198.988,300,1,199.0,1370,7,199.5,50,1,199.68,50,1,0,0,0.0,0,0,0,0,0,0.0,0,0,0
29482,SZE123037,2020-08-21 09:32:51,198.0,361980,69758207.27,3477,51600,13680,198.0,2150,1,197.71599999999998,80,1,197.704,200,1,197.226,240,2,197.225,130,1,197.113,200,1,197.0,6290,7,196.88,940,1,196.771,270,2,196.769,190,1,198.25900000000001,120,1,198.261,430,1,198.262,60,1,198.31400000000002,120,1,198.796,100,1,198.90599999999998,110,1,198.907,100,1,198.91,240,1,198.92,50,1,198.98,580,1,0,0,0.0,0,0,0,0,0,0.0,0,0,0
29709,SZE123037,2020-08-21 09:32:54,196.997,374150,72161295.51,3537,40920,20030,196.61,50,1,196.6,130,1,196.59900000000002,350,4,196.58,200,1,196.325,50,1,196.2,810,2,196.196,620,1,196.195,470,2,196.0,150,2,195.99,920,1,196.99599999999998,210,1,196.997,170,1,196.99900000000002,320,1,197.0,2080,1,197.157,300,1,197.18200000000002,90,1,197.215,50,1,197.225,1340,1,197.605,1000,1,197.9,1010,1,0,0,0.0,0,0,0,0,0,0.0,0,0,0
29978,SZE123037,2020-08-21 09:32:57,196.829,380830,73474572.42,3610,43900,27680,196.217,210,1,196.21599999999998,50,1,196.205,380,1,196.196,540,1,196.195,860,4,196.0,350,3,195.989,410,3,195.859,60,1,195.77,3110,1,195.747,4560,1,196.829,30,1,196.84799999999998,200,1,196.85,690,1,196.852,50,1,196.888,20,1,196.90200000000002,100,1,196.997,500,1,197.0,9580,8,197.072,50,1,197.215,90,2,0,0,0.0,0,0,0,0,0,0.0,0,0,0
30236,SZE123037,2020-08-21 09:33:00,196.0,389410,75156461.79,3671,39840,27540,195.77,2290,1,195.747,4560,1,195.1,100,1,195.05200000000002,100,1,195.051,20,1,195.05,100,2,195.0,180,2,194.6,640,1,194.56,700,1,194.50099999999998,730,1,196.0,410,1,196.324,680,1,196.325,1600,1,196.6,590,2,196.7,1500,1,196.8,700,2,196.82299999999998,50,1,196.829,1050,2,196.852,50,1,196.888,20,1,0,0,0.0,0,0,0,0,0,0.0,0,0,0
30494,SZE123037,2020-08-21 09:33:03,195.726,397860,76809892.53,3708,33720,26350,194.622,90,1,194.613,210,1,194.60299999999998,840,1,194.602,70,1,194.601,50,1,194.6,640,1,194.56,700,1,194.50099999999998,730,1,194.44099999999997,10,1,194.438,190,2,195.69799999999998,210,1,195.699,610,1,195.7,1500,1,195.727,80,1,195.747,70,1,195.8,1600,1,195.981,270,5,196.0,660,3,196.205,590,1,196.21599999999998,100,1,0,0,0.0,0,0,0,0,0,0.0,0,0,0
30770,SZE123037,2020-08-21 09:33:06,194.858,404620,78128323.28,3743,31340,26870,194.61,30,1,194.609,170,1,194.6,140,1,194.50099999999998,730,1,194.438,190,2,194.437,430,2,194.22400000000002,250,1,194.22099999999998,10,1,194.197,500,1,194.19,10,1,194.857,210,1,194.858,60,1,194.86700000000002,640,2,194.878,770,1,194.889,150,1,195.0,600,4,195.051,80,1,195.1,230,2,195.33700000000002,250,1,195.5,4610,2,0,0,0.0,0,0,0,0,0,0.0,0,0,0
30992,SZE123037,2020-08-21 09:33:09,194.197,410910,79351102.48,3784,29400,25740,194.206,10,1,194.197,30,1,194.19,10,1,194.051,50,2,194.0,360,5,193.86,20,1,193.8,100,1,193.765,490,1,193.764,30,1,193.638,520,1,194.51,210,1,194.52,50,1,194.541,770,1,194.55200000000002,100,1,194.6,910,7,194.601,100,1,194.60299999999998,150,1,194.622,60,1,194.859,270,1,195.0,1510,5,0,0,0.0,0,0,0,0,0,0.0,0,0,0
31287,SZE123037,2020-08-21 09:33:12,193.997,412950,79747348.76,3813,28890,28490,193.861,50,1,193.86,20,1,193.8,100,1,193.765,490,1,193.764,30,1,193.638,520,1,193.4,2020,5,193.1,100,1,193.0,470,6,192.8,500,1,193.99599999999998,710,1,193.997,340,2,194.0,1460,3,194.051,150,1,194.19,640,7,194.5,60,1,194.50099999999998,140,1,194.60299999999998,150,1,194.61,450,3,194.622,90,2,0,0,0.0,0,0,0,0,0,0.0,0,0,0
31502,SZE123037,2020-08-21 09:33:15,193.722,417640,80656691.45,3852,30560,27740,193.74200000000002,150,1,193.725,80,1,193.703,80,1,193.702,640,1,193.69099999999997,20,1,193.68,80,1,193.669,80,1,193.638,80,1,193.40099999999998,1690,2,193.4,2020,5,193.99099999999999,10,1,194.0,300,1,194.051,740,2,194.19,120,1,194.206,160,3,194.21,40,1,194.6,60,1,194.609,60,1,194.61,300,2,194.62,370,1,0,0,0.0,0,0,0,0,0,0.0,0,0,0
31754,SZE123037,2020-08-21 09:33:18,194.51,421520,81410680.96,3892,35820,34930,194.519,40,1,194.511,110,1,194.51,630,1,194.5,90,1,194.382,620,1,194.38,710,1,194.35,1500,1,194.22099999999998,20,1,194.206,140,1,194.051,740,1,194.81799999999998,170,1,194.857,70,1,194.858,40,1,195.0,270,1,195.051,80,1,195.726,100,1,195.77,250,3,196.0,2440,5,196.205,590,1,196.21599999999998,100,1,0,0,0.0,0,0,0,0,0,0.0,0,0,0
32017,SZE123037,2020-08-21 09:33:21,195.01,435800,84188094.65,3971,39010,34170,195.03,180,1,195.0,10,1,194.62099999999998,90,1,194.162,90,1,194.15200000000002,620,1,194.13099999999997,150,1,194.1,70,1,194.063,120,2,194.05200000000002,290,1,194.0,5510,7,195.56,150,1,195.56900000000002,210,1,195.579,80,1,195.6,100,1,195.77,250,3,196.0,1950,4,196.205,590,1,196.21599999999998,100,1,196.217,350,5,196.32299999999998,200,1,0,0,0.0,0,0,0,0,0,0.0,0,0,0
32257,SZE123037,2020-08-21 09:33:24,195.207,437980,84613414.63,4001,45420,36510,195.207,50,1,195.206,590,1,195.205,890,1,195.2,1100,1,195.051,230,1,195.03099999999998,30,1,195.012,40,1,195.0,470,1,194.858,480,1,194.81799999999998,1500,1,195.49200000000002,290,1,195.50099999999998,600,1,195.6,50,1,195.77,250,3,196.0,1950,4,196.205,590,1,196.21599999999998,100,1,196.217,350,5,196.32299999999998,200,1,196.59900000000002,150,1,0,0,0.0,0,0,0,0,0,0.0,0,0,0
32532,SZE123037,2020-08-21 09:33:27,195.467,441220,85246397.89,4032,43470,36940,195.226,200,1,195.225,210,1,195.205,770,1,195.2,1100,1,195.051,230,1,195.03099999999998,30,1,195.0,570,2,194.858,480,1,194.81799999999998,210,1,194.68,150,1,195.467,100,1,195.468,120,1,195.47,240,1,195.489,40,1,195.49099999999999,200,1,195.50099999999998,600,1,195.6,50,1,195.77,250,3,196.0,1960,5,196.205,590,1,0,0,0.0,0,0,0,0,0,0.0,0,0,0
32775,SZE123037,2020-08-21 09:33:30,194.921,455990,88122392.01,4100,35360,36150,194.192,210,1,194.19099999999997,220,1,194.172,60,1,194.162,610,1,194.155,100,1,194.12400000000002,50,1,194.045,50,1,194.011,20,1,194.002,900,1,194.00099999999998,100,1,194.92,180,1,194.921,170,1,194.95,220,1,195.343,20,1,195.46599999999998,30,1,195.49,70,1,195.498,50,1,195.5,80,2,195.50099999999998,600,1,195.56900000000002,100,1,0,0,0.0,0,0,0,0,0,0.0,0,0,0
33020,SZE123037,2020-08-21 09:33:33,195.50099999999998,457850,88485331.31,4123,37560,38470,195.145,210,1,195.144,90,1,195.104,60,1,195.032,920,1,195.03099999999998,600,1,195.021,30,1,195.0,630,1,194.81799999999998,1530,1,194.46099999999998,30,1,194.155,100,1,195.4,1800,1,195.50099999999998,270,1,195.56900000000002,100,1,195.6,50,1,195.769,100,1,195.77,250,3,195.8,500,1,196.0,2470,7,196.205,590,1,196.217,350,5,0,0,0.0,0,0,0,0,0,0.0,0,0,0
33291,SZE123037,2020-08-21 09:33:36,195.092,460310,88965616.41,4139,35910,40430,195.084,20,1,195.0,1600,4,194.81799999999998,1530,1,194.77,170,1,194.36,200,1,194.19299999999998,40,1,194.192,350,1,194.155,100,1,194.15200000000002,10,1,194.12400000000002,50,1,195.226,60,1,195.34799999999998,220,1,195.387,50,1,195.4,980,2,195.50099999999998,270,1,195.56900000000002,100,1,195.6,50,1,195.769,100,1,195.77,300,4,195.8,500,1,0,0,0.0,0,0,0,0,0,0.0,0,0,0
33537,SZE123037,2020-08-21 09:33:39,195.011,465110,89902288.83,4173,37810,41610,195.00099999999998,1390,3,195.0,1760,6,194.81799999999998,1530,1,194.77,170,1,194.36,200,1,194.19299999999998,40,1,194.192,350,1,194.155,100,1,194.15200000000002,10,1,194.12400000000002,50,1,195.206,210,1,195.207,110,1,195.21,1200,1,195.295,230,1,195.31400000000002,30,1,195.357,60,1,195.4,770,2,195.50099999999998,270,1,195.56900000000002,100,1,195.6,50,1,0,0,0.0,0,0,0,0,0,0.0,0,0,0
33779,SZE123037,2020-08-21 09:33:42,195.21,477010,92222226.16,4224,35400,40730,194.521,180,1,194.513,210,1,194.49599999999998,180,2,194.475,80,1,194.43900000000002,100,1,194.428,60,1,194.40599999999998,80,1,194.405,520,1,194.395,60,1,194.36,200,1,195.21,120,1,195.3,70,1,195.31400000000002,30,1,195.4,570,1,195.498,740,1,195.50099999999998,270,1,195.56900000000002,100,1,195.6,50,1,195.769,100,1,195.77,300,4,0,0,0.0,0,0,0,0,0,0.0,0,0,0
34045,SZE123037,2020-08-21 09:33:45,195.68900000000002,484660,93719551.15,4279,37640,37480,195.68900000000002,220,1,195.68,10,1,195.6,100,1,195.521,630,1,195.50099999999998,30,1,195.4,50,1,195.226,330,1,195.21400000000003,30,1,195.21,100,1,195.206,490,2,195.99,20,1,195.99900000000002,30,1,196.0,1590,9,196.101,100,1,196.19,180,1,196.205,590,1,196.207,360,1,196.217,200,4,196.32299999999998,200,1,196.49200000000002,120,1,0,0,0.0,0,0,0,0,0,0.0,0,0,0
34258,SZE123037,2020-08-21 09:33:48,195.398,486900,94157556.14,4294,36620,38880,195.418,230,1,195.399,100,1,195.358,60,1,195.34900000000002,270,1,195.31099999999998,30,1,195.31,910,1,195.30200000000002,80,1,195.3,400,2,195.21,180,1,195.206,490,2,195.76,60,1,195.8,480,1,195.979,630,1,196.0,1750,12,196.101,100,1,196.19,180,1,196.205,590,1,196.207,360,1,196.217,200,4,196.32299999999998,200,1,0,0,0.0,0,0,0,0,0,0.0,0,0,0
34520,SZE123037,2020-08-21 09:33:51,195.7,490590,94879760.98,4324,35940,40470,195.421,200,1,195.41299999999998,490,1,195.412,70,1,195.4,350,2,195.31,910,1,195.3,400,2,195.21,90,3,195.206,490,2,195.165,150,1,195.145,20,1,195.7,1980,1,196.0,1770,13,196.101,100,1,196.19,180,1,196.205,590,1,196.207,360,1,196.217,200,4,196.32299999999998,200,1,196.49200000000002,120,1,196.59900000000002,150,1,0,0,0.0,0,0,0,0,0,0.0,0,0,0
34749,SZE123037,2020-08-21 09:33:54,195.261,495340,95808711.84,4358,33330,40450,195.305,230,1,195.261,570,1,195.26,760,1,195.226,30,1,195.21,230,5,195.206,490,2,195.165,150,1,195.145,20,1,195.084,100,1,195.00099999999998,220,1,195.685,210,1,195.68599999999998,90,1,195.687,270,1,195.688,100,1,195.68900000000002,10,1,195.69,210,1,195.7,460,1,195.99,280,1,195.99900000000002,400,3,196.0,1750,13,0,0,0.0,0,0,0,0,0,0.0,0,0,0
34997,SZE123037,2020-08-21 09:33:57,197.0,506040,97905764.18,4432,38370,35560,196.253,200,1,196.234,190,1,196.233,500,2,196.22400000000002,660,1,196.21200000000002,110,1,196.202,40,1,196.201,40,1,196.19,820,1,195.797,50,1,195.766,160,1,196.99599999999998,20,1,196.997,320,1,197.0,890,3,197.215,50,1,197.226,550,1,197.5,90,1,197.998,310,2,198.0,2130,31,198.21,180,1,198.217,500,1,0,0,0.0,0,0,0,0,0,0.0,0,0,0
35254,SZE123037,2020-08-21 09:34:00,196.88,507480,98188934.62,4443,41100,36720,196.65200000000002,210,1,196.622,120,1,196.583,640,1,196.572,50,1,196.517,60,1,196.457,30,1,196.33599999999998,70,1,196.296,50,1,196.25400000000002,840,1,196.233,360,1,196.878,40,1,196.899,50,1,196.94799999999998,320,1,196.99,100,1,197.0,1770,4,197.215,50,1,197.226,550,1,197.5,90,1,197.998,310,2,198.0,1880,29,0,0,0.0,0,0,0,0,0,0.0,0,0,0
35492,SZE123037,2020-08-21 09:34:03,197.0,509160,98519586.21,4465,40670,37050,196.715,190,1,196.696,40,1,196.685,110,1,196.68400000000003,40,1,196.653,10,1,196.622,120,1,196.583,640,1,196.517,60,1,196.5,380,1,196.49200000000002,290,1,196.97099999999998,200,1,197.0,1760,5,197.215,50,1,197.226,890,2,197.5,90,1,197.998,310,2,198.0,2070,31,198.21,180,1,198.217,500,1,198.225,60,2,0,0,0.0,0,0,0,0,0,0.0,0,0,0
35733,SZE123037,2020-08-21 09:34:06,196.497,516340,99930715.75,4515,39180,40860,196.25599999999997,210,1,196.255,280,1,196.25400000000002,40,1,196.22,50,1,196.19,820,1,196.1,10,1,196.02,500,2,195.77,1480,1,195.7,20,1,195.69099999999997,2300,1,196.497,300,2,196.498,160,1,196.5,1750,3,196.65200000000002,620,2,196.8,10,1,196.86599999999999,50,1,196.878,200,1,196.896,40,1,196.96,40,1,196.96099999999998,240,1,0,0,0.0,0,0,0,0,0,0.0,0,0,0
35984,SZE123037,2020-08-21 09:34:09,196.47799999999998,528580,102331637.9,4587,37520,39710,196.178,170,1,196.17,30,1,196.128,150,1,196.11900000000003,40,1,196.108,60,1,196.011,20,1,195.84599999999998,30,1,195.826,20,1,195.80599999999998,30,1,195.795,50,1,196.47799999999998,10,1,196.495,210,1,196.49599999999998,110,1,196.5,600,2,196.65200000000002,620,2,196.653,1600,1,196.8,10,1,196.878,350,2,196.97,40,1,197.0,640,8,0,0,0.0,0,0,0,0,0,0.0,0,0,0
36227,SZE123037,2020-08-21 09:34:12,195.78900000000002,533680,103331770.63,4628,35190,41750,195.8,210,1,195.77,840,1,195.7,40,2,195.69099999999997,2300,1,195.68900000000002,10,1,195.685,380,2,195.68,20,1,195.5,170,1,195.47,100,1,195.398,50,1,195.995,20,1,195.998,210,1,195.99900000000002,60,1,196.0,1500,1,196.136,190,1,196.169,40,1,196.359,50,1,196.37,2050,1,196.389,40,1,196.40900000000002,10,1,0,0,0.0,0,0,0,0,0,0.0,0,0,0
36467,SZE123037,2020-08-21 09:34:15,195.825,536900,103961858.71,4661,28100,45860,195.386,170,1,195.36700000000002,140,1,195.222,630,1,195.22099999999998,60,1,195.21,50,1,195.2,20,1,195.145,20,1,195.084,100,1,195.06,70,1,195.00099999999998,220,1,195.774,60,1,195.82299999999998,30,1,195.84400000000002,110,1,195.976,40,1,196.0,2870,5,196.108,1740,2,196.128,200,1,196.169,40,1,196.17,10,1,196.178,150,1,0,0,0.0,0,0,0,0,0,0.0,0,0,0
36702,SZE123037,2020-08-21 09:34:18,194.0,540620,104687895.6,4699,26860,42100,194.00099999999998,880,1,194.0,2300,10,193.997,120,2,193.99099999999999,160,2,193.99,230,1,193.861,40,1,193.8,40,1,193.69799999999998,40,1,193.69099999999997,40,1,193.638,80,1,195.433,210,1,195.47400000000002,630,1,195.483,50,1,195.5,50,1,195.505,70,1,195.53599999999997,100,1,195.582,20,1,195.6,50,1,195.7,180,2,195.755,50,2,0,0,0.0,0,0,0,0,0,0.0,0,0,0
36975,SZE123037,2020-08-21 09:34:21,194.662,541200,104800810.96,4707,27370,50440,194.416,20,1,194.415,230,1,194.396,100,1,194.28599999999997,100,1,194.1,90,1,194.051,50,1,194.012,20,1,194.00099999999998,880,2,194.0,2300,10,193.997,120,2,194.66099999999997,210,1,194.662,160,1,194.74099999999999,90,1,194.822,100,1,194.87900000000002,630,1,194.88,480,1,195.0,120,2,195.12900000000002,150,1,195.157,40,1,195.21,60,1,0,0,0.0,0,0,0,0,0,0.0,0,0,0
37214,SZE123037,2020-08-21 09:34:24,194.2,549690,106448909.94,4760,24030,52390,194.2,50,1,194.019,180,1,194.00099999999998,20,1,194.0,420,3,193.997,120,2,193.99099999999999,160,2,193.99,230,1,193.861,40,1,193.8,40,1,193.69799999999998,40,1,194.313,210,1,194.32299999999998,110,1,194.359,230,1,194.361,550,2,194.396,50,2,194.4,50,1,194.49900000000002,200,1,194.521,180,1,194.642,20,1,194.66099999999997,40,1,0,0,0.0,0,0,0,0,0,0.0,0,0,0
37455,SZE123037,2020-08-21 09:34:27,193.666,553670,107220552.93,4796,23860,54770,193.667,210,1,193.666,110,1,193.657,150,1,193.581,40,1,193.572,10,1,193.57,70,1,193.40099999999998,920,1,193.4,1750,4,193.1,100,1,193.0,410,5,193.91299999999998,40,1,193.91400000000002,100,1,193.96900000000002,330,1,193.99,830,1,193.997,10,1,194.0,340,2,194.00099999999998,50,2,194.02,20,1,194.294,20,1,194.359,230,1,0,0,0.0,0,0,0,0,0,0.0,0,0,0
37695,SZE123037,2020-08-21 09:34:30,193.893,556280,107726504.44,4814,19320,46470,193.78,100,1,193.778,250,1,193.69799999999998,40,1,193.67,100,1,193.657,150,1,193.57,70,1,193.4,1750,4,193.16,100,1,193.1,100,1,193.0,610,6,193.894,40,1,193.91099999999997,10,1,193.99,420,1,193.997,610,2,194.0,310,2,194.00099999999998,1380,1,194.2,220,2,194.416,80,1,194.5,20,1,195.0,200,1,0,0,0.0,0,0,0,0,0,0.0,0,0,0
37938,SZE123037,2020-08-21 09:34:33,194.85,565690,109554492.55,4888,21620,42830,194.511,120,1,194.36599999999999,250,1,194.356,60,1,194.324,70,1,194.315,400,1,194.313,770,2,194.21099999999998,130,1,193.668,60,1,193.57,70,1,193.40099999999998,840,1,194.85,140,1,194.859,60,1,195.269,30,1,195.298,80,1,195.43900000000002,200,1,195.44,100,1,195.7,160,1,195.77,170,1,195.995,1610,2,196.0,870,3,0,0,0.0,0,0,0,0,0,0.0,0,0,0
38184,SZE123037,2020-08-21 09:34:36,195.0,567640,109934699.14,4919,26480,43450,195.0,1200,1,194.58,60,1,194.555,900,1,194.554,150,1,194.533,10,1,194.52200000000002,80,1,194.511,120,1,194.5,1050,2,194.313,770,2,194.26,760,1,195.248,210,1,195.24900000000002,260,1,195.25799999999998,100,1,195.42,430,7,195.43,80,1,195.44,100,1,195.7,160,1,195.77,170,1,195.99400000000003,200,1,195.995,1610,2,0,0,0.0,0,0,0,0,0,0.0,0,0,0
38433,SZE123037,2020-08-21 09:34:39,195.36900000000003,569440,110285722.7,4933,27710,41290,195.27,60,1,195.269,1680,1,194.85,10,1,194.56099999999998,280,1,194.554,150,1,194.52200000000002,80,1,194.5,1050,2,194.313,1180,3,194.26,760,1,194.0,70,2,195.399,90,1,195.42,430,7,195.44,100,1,195.7,160,1,195.77,170,1,195.99400000000003,200,1,195.995,70,1,196.0,950,5,196.101,100,1,196.17,10,1,0,0,0.0,0,0,0,0,0,0.0,0,0,0
38672,SZE123037,2020-08-21 09:34:42,195.84799999999998,572490,110881740.1,4961,34960,42160,195.512,40,1,195.511,40,1,195.51,500,1,195.30900000000003,20,1,195.299,40,1,195.271,70,1,195.25799999999998,6550,2,195.207,50,1,195.206,170,1,195.0,10,1,195.75799999999998,210,1,195.75900000000001,250,1,195.875,60,1,195.888,50,1,195.94799999999998,710,4,196.0,1240,6,196.101,100,1,196.17,10,1,196.178,10,1,196.19,10,1,0,0,0.0,0,0,0,0,0,0.0,0,0,0
38911,SZE123037,2020-08-21 09:34:45,196.00900000000001,577880,111937747.57,5010,36980,40080,196.00900000000001,70,1,196.0,50,1,195.78,60,1,195.773,60,1,195.771,1250,2,195.77,1670,1,195.62900000000002,40,1,195.61700000000002,300,2,195.58599999999998,90,1,195.51,500,1,196.515,270,1,196.525,100,1,196.546,160,1,196.56599999999997,170,1,196.57299999999998,80,1,196.65099999999998,50,1,196.65200000000002,460,4,196.715,90,2,196.8,40,2,196.98,580,1,0,0,0.0,0,0,0,0,0,0.0,0,0,0
39162,SZE123037,2020-08-21 09:34:48,196.98,580110,112376116.55,5036,38750,38720,196.338,290,1,196.31,50,1,196.299,110,1,196.269,30,1,196.18900000000002,600,1,196.03,350,1,196.02,140,2,196.01,30,1,196.0,1860,2,195.9,10,1,196.972,210,1,196.97299999999998,60,1,196.977,100,1,196.98,400,1,196.99900000000002,100,1,197.0,3170,21,197.2,100,1,197.215,50,1,197.226,10,1,197.386,100,1,0,0,0.0,0,0,0,0,0,0.0,0,0,0
39412,SZE123037,2020-08-21 09:34:51,197.612,587530,113840199.66,5116,41240,34060,197.613,210,1,197.523,50,1,197.47099999999998,250,1,197.34400000000002,70,1,197.334,10,1,197.28,420,1,197.23,150,1,197.22099999999998,40,1,197.2,1060,2,197.03,110,1,197.987,100,1,197.99599999999998,240,1,197.997,10,1,198.0,670,10,198.225,60,2,198.25,10,1,198.25900000000001,10,1,198.28,960,1,198.31400000000002,30,1,198.416,320,1,0,0,0.0,0,0,0,0,0,0.0,0,0,0
39643,SZE123037,2020-08-21 09:34:54,197.59400000000002,590040,114336391.24,5140,31440,35830,197.37099999999998,210,1,197.36900000000003,10,1,197.34400000000002,70,1,197.23,150,1,197.226,400,1,197.0,190,1,196.97299999999998,130,1,196.808,50,1,196.65200000000002,50,1,196.57299999999998,200,2,197.5,500,1,197.65,170,1,197.676,360,2,197.90900000000002,10,1,197.96599999999998,240,1,198.0,760,12,198.22400000000002,70,1,198.225,60,2,198.25,10,1,198.25900000000001,10,1,0,0,0.0,0,0,0,0,0,0.0,0,0,0
39897,SZE123037,2020-08-21 09:34:57,197.9,607880,117868361.72,5269,30270,32280,197.925,230,1,197.9,100,1,197.535,50,1,197.50799999999998,30,1,197.389,520,1,197.388,200,1,197.345,60,1,197.24400000000003,50,1,197.243,50,1,197.00099999999998,80,1,198.16299999999998,100,1,198.332,30,1,198.498,20,1,198.75099999999998,30,1,198.8,140,2,198.86,20,1,198.888,10,1,198.89,10,1,198.91,240,1,198.92,90,2,0,0,0.0,0,0,0,0,0,0.0,0,0,0
40118,SZE123037,2020-08-21 09:35:00,198.3,616250,119525219.2,5332,30410,33200,198.22400000000002,1060,1,198.012,50,1,198.011,80,1,198.0,1410,5,197.987,690,2,197.68200000000002,80,1,197.535,50,1,197.50799999999998,30,1,197.5,670,3,197.243,50,1,198.593,120,1,198.75099999999998,200,1,198.8,140,2,198.859,640,2,198.86,20,1,198.888,10,1,198.89,10,1,198.91,240,1,198.92,90,2,198.98,10,1,0,0,0.0,0,0,0,0,0,0.0,0,0,0
40354,SZE123037,2020-08-21 09:35:03,199.325,626800,121623990.97,5413,37860,28160,199.262,10,1,199.232,30,1,199.217,210,1,199.21599999999998,140,1,199.00400000000002,750,1,199.003,850,1,199.002,20,1,199.0,3320,5,198.9,430,1,198.8,30,1,199.5,200,1,199.79,200,1,199.798,10,1,199.8,850,3,199.85,500,2,199.88,130,2,199.888,10,1,199.9,10,1,199.96,480,1,199.99,10,1,0,0,0.0,0,0,0,0,0,0.0,0,0,0
40592,SZE123037,2020-08-21 09:35:06,198.796,633420,122941989.54,5464,30530,32000,198.59400000000002,100,1,198.593,50,2,198.59,260,2,198.52,300,1,198.498,690,2,198.332,300,1,198.3,10,1,198.25,1000,2,198.2,1000,1,198.18,60,1,198.796,10,1,198.797,140,1,198.8,100,1,198.96099999999998,750,1,198.96200000000002,10,1,198.977,850,1,199.0,320,1,199.165,70,1,199.2,1500,1,199.623,100,1,0,0,0.0,0,0,0,0,0,0.0,0,0,0
40845,SZE123037,2020-08-21 09:35:09,198.393,649450,126122265.24,5603,25200,31310,198.40200000000002,190,1,198.393,170,1,198.38299999999998,150,1,198.37400000000002,10,1,198.34400000000002,50,1,198.343,120,1,198.31099999999998,60,1,198.174,180,2,198.171,80,1,198.16,20,1,198.764,210,1,198.77200000000002,580,1,198.783,100,1,198.795,110,1,198.8,40,1,199.0,1240,3,199.2,1500,1,199.262,100,1,199.637,200,1,199.79,150,1,0,0,0.0,0,0,0,0,0,0.0,0,0,0
41082,SZE123037,2020-08-21 09:35:12,198.62,660870,128390453.23,5687,21990,33470,198.52,50,1,198.483,750,1,198.463,150,1,198.454,20,1,198.40400000000002,200,1,198.394,50,1,198.37400000000002,50,1,197.0,320,1,196.97299999999998,10,1,196.81,100,1,198.699,110,1,198.7,330,1,198.8,10,1,198.95,1870,1,199.0,530,1,199.2,1300,1,199.26,190,2,199.262,100,1,199.49900000000002,1100,1,199.5,390,4,0,0,0.0,0,0,0,0,0,0.0,0,0,0
41332,SZE123037,2020-08-21 09:35:15,198.0,673490,130892654.5,5783,21740,37820,197.15400000000002,210,1,197.105,140,1,197.104,50,1,197.074,130,1,197.041,50,1,197.021,50,1,197.011,50,1,197.01,20,1,197.0,10,1,196.81,100,1,197.99,10,1,197.99900000000002,210,1,198.0,3340,3,198.343,490,1,198.34400000000002,150,1,198.38299999999998,630,1,198.4,20,1,198.40200000000002,280,2,198.5,200,1,198.864,100,1,0,0,0.0,0,0,0,0,0,0.0,0,0,0
41590,SZE123037,2020-08-21 09:35:18,198.0,679040,131991694.23,5824,22500,43100,198.044,210,1,198.035,750,1,198.03400000000002,200,1,198.0,410,1,197.577,60,1,197.3,440,1,197.106,200,1,197.104,50,1,197.01,20,1,197.0,10,1,198.38099999999997,200,1,198.382,50,1,198.38299999999998,500,1,198.393,130,1,198.4,10,1,198.40200000000002,540,6,198.483,30,1,198.5,250,2,198.59400000000002,290,2,198.62,7580,1,0,0,0.0,0,0,0,0,0,0.0,0,0,0
41839,SZE123037,2020-08-21 09:35:21,197.915,684840,133140781.03,5877,20590,45030,197.408,70,1,197.37400000000002,190,1,197.34799999999998,150,1,197.155,30,1,197.106,200,1,197.104,50,1,197.01,20,1,197.0,10,1,196.57299999999998,50,1,196.46,100,1,197.875,270,1,197.99,40,1,198.0,160,3,198.30700000000002,30,1,198.31099999999998,20,1,198.315,40,1,198.39,290,1,198.4,320,1,198.40200000000002,1130,7,198.454,450,1,0,0,0.0,0,0,0,0,0,0.0,0,0,0
42087,SZE123037,2020-08-21 09:35:24,197.577,691000,134359093.88,5925,20610,47570,197.577,70,1,197.576,290,1,197.55700000000002,150,1,197.438,150,1,197.201,200,1,197.2,20,1,197.12400000000002,150,1,197.04,60,1,197.01,20,1,197.0,20,2,197.824,210,1,197.825,60,1,197.827,150,1,197.856,190,3,197.925,60,1,198.0,200,1,198.153,760,1,198.38099999999997,440,2,198.398,80,1,198.40200000000002,1130,7,0,0,0.0,0,0,0,0,0,0.0,0,0,0
42348,SZE123037,2020-08-21 09:35:27,198.153,697330,135610646.41,5987,18240,47660,197.717,220,1,197.708,30,1,197.628,20,1,197.56799999999998,20,1,197.55700000000002,100,1,197.554,50,1,197.22099999999998,10,1,197.16,100,1,197.041,50,1,196.574,200,1,198.153,80,1,198.38099999999997,1660,2,198.40200000000002,1130,7,198.40400000000002,670,2,198.483,100,1,198.5,240,2,198.52,170,4,198.59400000000002,290,2,198.62,7580,1,198.796,100,1,0,0,0.0,0,0,0,0,0,0.0,0,0,0
42597,SZE123037,2020-08-21 09:35:30,197.408,706840,137492957.55,6053,17770,46450,197.408,210,2,197.011,40,1,197.002,20,1,197.0,100,1,196.574,200,1,196.57299999999998,50,1,196.0,100,1,195.77,60,1,195.75799999999998,50,1,195.399,400,2,197.942,230,1,197.981,30,1,198.03799999999998,20,1,198.065,60,1,198.326,20,1,198.36900000000003,750,2,198.38099999999997,890,1,198.40200000000002,550,6,198.40400000000002,670,2,198.483,100,1,0,0,0.0,0,0,0,0,0,0.0,0,0,0
42843,SZE123037,2020-08-21 09:35:33,196.123,711520,138412387.08,6111,17340,48281,196.132,180,1,196.114,70,1,196.053,50,1,196.041,40,1,196.0,30,1,195.77,60,1,195.75799999999998,50,1,195.399,400,2,195.36900000000003,40,1,195.299,40,1,196.392,10,1,196.4,210,1,196.40099999999998,60,1,196.53799999999998,630,1,196.555,150,1,196.658,30,1,196.915,160,1,197.199,100,1,197.2,80,1,197.304,200,1,0,0,0.0,0,0,0,0,0,0.0,0,0,0
43093,SZE123037,2020-08-21 09:35:36,195.487,718410,139761172.15,6163,16820,38981,195.014,80,1,195.013,210,1,195.005,100,1,195.003,60,1,195.0,280,2,194.8,100,1,194.764,100,1,194.5,1000,3,194.313,40,1,194.01,300,1,195.433,210,1,195.44099999999997,210,1,195.442,80,1,195.487,90,1,195.915,100,1,195.987,150,1,196.053,130,4,196.372,580,1,196.373,40,1,196.382,100,1,0,0,0.0,0,0,0,0,0,0.0,0,0,0
43343,SZE123037,2020-08-21 09:35:39,196.479,727880,141623047.33,6232,19110,36881,196.25,110,1,196.24900000000002,210,1,196.248,100,1,196.011,110,1,196.002,50,1,195.672,630,1,195.61,200,1,195.6,380,2,195.56099999999998,20,1,195.541,50,1,196.479,170,1,196.48,220,1,197.002,110,2,197.408,600,2,197.41,170,2,197.577,10,1,197.7,50,1,197.942,10,1,198.0,170,2,198.028,70,1,0,0,0.0,0,0,0,0,0,0.0,0,0,0
43595,SZE123037,2020-08-21 09:35:42,196.548,730250,142089162.26,6261,21240,37831,196.548,160,1,196.547,100,1,196.545,40,1,196.52200000000002,540,1,196.392,90,1,196.31900000000002,120,1,196.3,120,1,196.25099999999998,230,1,196.011,110,1,196.0,1340,2,196.8,50,1,196.801,110,1,196.899,100,1,196.9,2050,1,197.002,110,2,197.408,600,2,197.41,170,2,197.577,10,1,197.7,50,1,197.942,10,1,0,0,0.0,0,0,0,0,0,0.0,0,0,0
43870,SZE123037,2020-08-21 09:35:45,196.482,733940,142814419.44,6294,23390,36581,196.35,190,1,196.34099999999998,120,1,196.331,30,1,196.32,80,1,196.271,150,1,196.25099999999998,80,1,196.011,110,1,196.00099999999998,890,1,196.0,2300,4,195.915,680,1,196.666,10,1,196.674,210,1,196.74099999999999,70,1,196.831,10,1,196.899,590,2,196.9,10,1,197.002,200,1,197.408,600,2,197.41,170,2,197.46,790,1,0,0,0.0,0,0,0,0,0,0.0,0,0,0
44097,SZE123037,2020-08-21 09:35:48,196.792,736350,143288321.72,6325,22330,30061,196.52700000000002,100,1,196.502,100,1,196.5,50,1,196.342,30,1,196.32,80,1,196.271,150,1,196.011,110,1,196.0,2300,4,195.915,680,1,195.875,210,1,196.755,210,1,196.75599999999997,90,1,196.782,150,1,196.8,90,1,196.821,80,1,196.899,230,1,196.9,1030,1,197.0,40,1,197.408,20,1,197.41,170,2,0,0,0.0,0,0,0,0,0,0.0,0,0,0
44359,SZE123037,2020-08-21 09:35:51,196.321,740470,144097652.83,6369,22860,30331,196.179,280,1,196.17,150,1,196.16099999999997,440,1,196.141,10,1,196.13099999999997,110,1,196.03400000000002,910,1,196.032,200,1,196.011,110,1,196.0,2150,3,195.875,210,1,196.49900000000002,210,1,196.5,580,1,196.581,30,2,196.8,90,2,196.9,1030,1,197.0,40,1,197.408,20,1,197.41,170,2,197.46,790,1,197.577,10,1,0,0,0.0,0,0,0,0,0,0.0,0,0,0
44596,SZE123037,2020-08-21 09:35:54,196.755,746210,145225363.93,6406,21460,30161,196.075,180,1,196.05700000000002,410,1,196.05599999999998,60,1,196.045,50,1,196.03400000000002,730,1,196.011,110,1,196.0,1240,2,195.875,210,1,195.6,170,2,195.541,50,1,196.67700000000002,300,1,196.74599999999998,10,1,196.79,50,1,196.882,30,1,196.99900000000002,30,1,197.0,40,1,197.25,1000,1,197.408,20,1,197.41,70,1,197.46,790,1,0,0,0.0,0,0,0,0,0,0.0,0,0,0
44861,SZE123037,2020-08-21 09:35:57,197.0,747500,145479395.43,6422,22350,28731,197.0,170,1,196.998,200,1,196.9,220,1,196.67,10,1,196.6,200,1,196.53799999999998,160,1,196.52700000000002,190,1,196.5,620,1,196.4,200,1,196.076,30,1,197.245,20,1,197.24599999999998,210,1,197.247,80,1,197.248,450,3,197.25,1000,1,197.408,20,1,197.41,70,1,197.46,790,1,197.577,10,1,197.58,130,1,0,0,0.0,0,0,0,0,0,0.0,0,0,0
45090,SZE123037,2020-08-21 09:36:00,197.449,752420,146449977.09,6470,23080,27491,197.201,70,1,197.2,1180,1,197.0,150,1,196.666,30,1,196.6,200,1,196.52700000000002,190,1,196.5,620,1,196.49900000000002,500,1,196.4,210,2,196.2,20,1,197.449,20,1,197.46,710,1,197.577,310,2,197.58,130,1,197.7,50,1,197.942,10,1,198.0,210,4,198.044,80,1,198.153,20,1,198.2,10,1,0,0,0.0,0,0,0,0,0,0.0,0,0,0
45309,SZE123037,2020-08-21 09:36:03,197.31400000000002,755440,147046223.38,6496,25480,28971,197.31400000000002,40,1,197.313,50,1,197.31099999999998,100,1,197.30900000000003,180,1,197.3,70,1,197.25,810,6,197.248,150,1,197.245,10,1,197.2,1180,1,196.67700000000002,830,3,197.55,210,1,197.551,80,1,197.567,250,1,197.576,330,1,197.577,190,1,197.58,130,1,197.7,50,1,197.942,10,1,197.99900000000002,230,1,198.0,210,4,0,0,0.0,0,0,0,0,0,0.0,0,0,0
45588,SZE123037,2020-08-21 09:36:06,197.577,759130,147774818.99,6531,24570,27861,197.264,200,1,197.25400000000002,350,1,197.253,50,1,197.25,520,4,197.248,150,1,197.245,60,2,197.2,1180,1,197.0,110,2,196.98,10,1,196.67700000000002,410,3,197.56799999999998,250,1,197.577,20,1,197.58,130,1,197.7,50,1,197.942,10,1,197.99900000000002,230,1,198.0,210,4,198.044,80,1,198.153,20,1,198.2,10,1,0,0,0.0,0,0,0,0,0,0.0,0,0,0
45795,SZE123037,2020-08-21 09:36:09,197.673,764430,148822503.85,6570,25180,27361,197.68200000000002,200,1,197.673,200,1,197.646,40,1,197.578,870,1,197.55,540,1,197.46,90,1,197.449,440,2,197.356,30,1,197.33,1000,1,197.25,520,4,198.035,210,1,198.044,80,1,198.153,20,1,198.2,10,1,198.3,300,1,198.40099999999998,180,1,198.40200000000002,330,5,198.40400000000002,670,2,198.483,100,1,198.5,360,5,0,0,0.0,0,0,0,0,0,0.0,0,0,0
46060,SZE123037,2020-08-21 09:36:12,198.0,768290,149586964.16,6594,28150,27311,197.748,110,1,197.747,210,1,197.74599999999998,170,1,197.737,50,1,197.577,90,2,197.56799999999998,50,1,197.55,550,2,197.5,3230,1,197.46,90,1,197.449,440,2,198.0,70,1,198.3,90,1,198.40099999999998,270,2,198.40200000000002,330,5,198.40400000000002,670,2,198.483,100,1,198.5,360,5,198.52,10,1,198.58,10,1,198.8,40,2,0,0,0.0,0,0,0,0,0,0.0,0,0,0
46317,SZE123037,2020-08-21 09:36:15,198.1,769780,149882008.73,6613,27490,27661,197.768,260,1,197.748,60,1,197.577,30,1,197.56799999999998,60,2,197.555,220,1,197.551,870,1,197.55,540,1,197.5,3230,1,197.46,90,1,197.449,90,1,198.1,90,1,198.299,100,1,198.3,20,1,198.40099999999998,250,2,198.40200000000002,330,5,198.40400000000002,670,2,198.483,100,1,198.5,360,5,198.52,10,1,198.58,10,1,0,0,0.0,0,0,0,0,0,0.0,0,0,0
46543,SZE123037,2020-08-21 09:36:18,198.8,774360,150790064.7,6666,28910,26501,198.425,210,1,198.405,360,1,198.40400000000002,1080,1,198.40200000000002,30,1,198.3,60,1,198.112,50,1,198.046,50,1,198.035,60,1,198.0,500,1,197.888,60,1,198.791,10,1,198.86700000000002,20,1,198.9,210,1,198.925,50,1,198.99,40,1,199.0,1810,19,199.132,90,1,199.2,10,1,199.25,180,1,199.26,30,1,0,0,0.0,0,0,0,0,0,0.0,0,0,0
46808,SZE123037,2020-08-21 09:36:21,198.831,775090,150935083.32,6680,29870,28221,198.579,310,1,198.577,190,1,198.549,30,1,198.53799999999998,240,1,198.52700000000002,50,1,198.49599999999998,20,1,198.467,20,1,198.44,500,1,198.40400000000002,1080,1,198.40200000000002,30,1,198.831,70,1,198.832,60,1,198.85,120,1,198.88,90,1,198.88099999999997,40,1,198.9,1480,2,198.925,50,1,198.99,40,1,199.0,1910,20,199.132,90,1,0,0,0.0,0,0,0,0,0,0.0,0,0,0
47067,SZE123037,2020-08-21 09:36:24,199.8,783190,152548236.08,6762,31540,21181,199.166,180,1,199.127,30,1,199.107,380,1,199.08599999999998,860,1,199.085,20,1,199.0,700,2,198.945,40,1,198.925,550,1,198.9,70,1,198.8,40,1,199.8,700,4,199.82,200,1,199.85,230,3,199.88,130,2,199.888,110,2,199.89,10,1,199.96,480,1,199.998,400,1,199.99900000000002,260,4,200.0,4330,56,0,0,0.0,0,0,0,0,0,0.0,0,0,0
47303,SZE123037,2020-08-21 09:36:27,199.99599999999998,792730,154454946.91,6864,38110,15141,199.372,60,1,199.364,210,1,199.363,170,1,199.308,10,1,199.278,160,1,199.25599999999997,410,1,199.188,50,1,199.132,460,1,199.08599999999998,860,1,199.0,1730,5,199.986,210,1,200.699,140,1,200.7,30,1,200.8,40,2,200.89,20,1,201.0,1120,7,201.8,10,1,201.9,30,1,201.94,310,1,201.99900000000002,300,1,0,0,0.0,0,0,0,0,0,0.0,0,0,0
47525,SZE123037,2020-08-21 09:36:30,200.89,798020,155516000.81,6904,38040,14311,200.919,180,1,200.891,440,1,200.89,980,1,200.82,60,1,200.699,200,1,200.578,30,1,200.24599999999998,140,1,200.16299999999998,20,1,200.132,10,1,200.10299999999998,30,1,201.50799999999998,120,1,201.761,150,1,201.778,150,1,201.79,140,1,201.8,10,1,201.9,30,1,201.94,310,1,201.99900000000002,300,1,202.0,1050,5,202.188,100,1,0,0,0.0,0,0,0,0,0,0.0,0,0,0
47774,SZE123037,2020-08-21 09:36:33,199.82,813870,158691832.93,6987,35170,18351,199.82,460,1,199.8,1850,10,199.455,110,1,199.454,100,1,199.4,20,1,199.373,30,1,199.127,170,1,199.0,160,3,198.99,1730,2,198.925,550,1,199.99599999999998,210,1,199.997,250,1,199.99900000000002,440,1,200.0,1250,1,200.09900000000002,280,1,200.107,50,1,200.169,100,1,200.213,260,1,200.39700000000002,150,1,200.40099999999998,270,1,0,0,0.0,0,0,0,0,0,0.0,0,0,0
48015,SZE123037,2020-08-21 09:36:36,201.8,829600,161844510.57,7097,33980,17141,201.778,1980,1,201.53900000000002,190,1,201.512,100,1,201.51,20,1,201.50799999999998,120,1,200.951,40,1,200.919,230,1,200.667,50,1,200.46200000000002,20,1,200.45,100,1,201.9,30,1,201.94,310,1,201.99900000000002,300,1,202.0,4450,6,202.188,100,1,202.4,10,1,202.688,120,1,203.0,800,4,204.359,20,1,204.41,200,1,0,0,0.0,0,0,0,0,0,0.0,0,0,0
48251,SZE123037,2020-08-21 09:36:39,201.002,836770,163289766.28,7160,35020,19801,201.003,50,1,201.002,30,1,201.00099999999998,1200,2,201.0,1760,1,200.7,190,1,200.511,100,1,200.51,200,1,200.45,100,1,200.213,90,1,200.2,490,1,201.377,260,1,201.396,390,1,201.42700000000002,200,1,201.5,270,1,201.613,30,1,201.791,40,1,201.8,50,1,201.9,1300,1,201.938,90,1,201.93900000000002,60,1,0,0,0.0,0,0,0,0,0,0.0,0,0,0
48521,SZE123037,2020-08-21 09:36:42,201.769,843840,164714130.48,7240,37810,21201,201.12099999999998,190,1,201.112,20,1,201.10299999999998,60,1,201.1,480,1,201.065,740,1,201.06400000000002,20,1,201.035,50,1,201.014,50,1,201.002,860,1,201.0,1760,1,201.74,40,1,201.74900000000002,150,1,201.778,390,3,201.78,90,1,201.9,3030,2,201.938,90,1,201.93900000000002,60,1,201.94,310,1,201.99,50,1,202.0,4890,8,0,0,0.0,0,0,0,0,0,0.0,0,0,0
48757,SZE123037,2020-08-21 09:36:45,201.84099999999998,850480,166053980.88,7303,37340,18491,201.55599999999998,100,1,201.555,200,1,201.554,10,1,201.553,100,1,201.53099999999998,740,1,201.50799999999998,700,2,201.42700000000002,30,1,201.412,30,1,201.4,120,1,201.38,310,2,201.778,130,1,201.831,250,1,201.88,10,1,201.93900000000002,60,1,201.94,310,1,201.99,50,1,201.99900000000002,240,3,202.0,5250,10,202.188,120,2,202.3,10,1,0,0,0.0,0,0,0,0,0,0.0,0,0,0
49027,SZE123037,2020-08-21 09:36:48,202.188,862490,168478666.9,7375,44970,12231,202.00099999999998,940,2,202.0,5510,4,201.9,940,1,201.831,200,1,201.83,150,1,201.827,200,1,201.778,10,1,201.769,440,1,201.74200000000002,100,1,201.74,790,4,202.188,110,2,202.3,10,1,202.4,10,1,202.687,200,1,202.688,120,1,203.0,800,4,204.359,20,1,204.41,200,1,204.5,10,1,205.0,1611,20,0,0,0.0,0,0,0,0,0,0.0,0,0,0
49293,SZE123037,2020-08-21 09:36:51,202.322,865250,169037109.89,7416,45700,13461,202.313,50,1,202.22,300,1,202.15200000000002,120,2,202.14,230,1,202.139,160,1,202.12,1200,1,202.109,860,1,202.05700000000002,120,1,202.01,980,1,202.0,2030,10,202.56900000000002,200,1,202.57,290,1,202.68599999999998,510,5,202.687,200,1,202.688,120,1,203.0,800,4,204.0,300,1,204.359,20,1,204.41,200,1,204.5,10,1,0,0,0.0,0,0,0,0,0,0.0,0,0,0
49519,SZE123037,2020-08-21 09:36:54,203.0,872700,170547921.73,7474,43260,11471,203.0,500,1,202.949,30,1,202.90400000000002,60,1,202.768,50,1,202.767,200,1,202.688,10,1,202.687,930,1,202.419,10,1,202.408,50,1,202.40599999999998,880,1,203.81,250,1,204.0,520,3,204.358,190,1,204.359,20,1,204.41,200,1,204.5,10,1,205.0,1681,21,205.59400000000002,20,1,206.0,1660,5,206.519,110,1,0,0,0.0,0,0,0,0,0,0.0,0,0,0
49786,SZE123037,2020-08-21 09:36:57,202.688,880190,172067217.66,7545,41530,17261,202.688,470,1,202.56900000000002,310,3,202.52,420,1,202.5,10,1,202.408,50,1,202.4,30,1,202.313,50,1,202.301,880,1,202.3,1540,4,202.19,770,6,202.85299999999998,200,1,202.854,30,1,202.89,50,1,202.9,260,1,202.99,660,2,203.0,4100,2,203.37,10,1,203.497,150,1,203.545,100,1,203.567,120,1,0,0,0.0,0,0,0,0,0,0.0,0,0,0
50013,SZE123037,2020-08-21 09:37:00,203.0,897200,175511659.42,7680,34230,16151,202.702,280,1,202.673,10,1,202.622,140,1,202.56900000000002,100,2,202.25,100,1,202.2,200,1,202.188,350,2,202.012,740,1,202.01,130,1,202.00099999999998,930,2,203.0,4150,4,203.497,150,1,204.0,520,3,204.359,20,1,204.41,200,1,204.5,10,1,205.0,2551,26,205.59400000000002,20,1,206.0,1660,5,206.519,110,1,0,0,0.0,0,0,0,0,0,0.0,0,0,0
50284,SZE123037,2020-08-21 09:37:03,204.0,905590,177214608.98,7770,34590,12291,203.426,20,1,203.425,200,1,203.395,20,1,203.37,2010,1,203.013,200,1,203.012,20,1,203.0,200,1,202.9,220,1,202.85299999999998,270,2,202.85,40,4,203.99099999999999,60,1,204.0,470,3,204.003,350,1,204.358,100,1,204.359,40,2,204.41,200,1,204.5,10,1,204.6,20,1,204.98,10,1,205.0,2481,26,0,0,0.0,0,0,0,0,0,0.0,0,0,0
50509,SZE123037,2020-08-21 09:37:06,203.767,919060,179960573.36,7900,38940,11261,203.767,20,1,203.766,150,1,203.727,140,1,203.672,150,1,203.412,120,1,203.377,10,1,203.10299999999998,140,2,203.101,730,1,203.013,860,1,203.0,2550,12,203.88,600,1,204.3,220,1,204.30700000000002,60,1,204.31900000000002,150,1,204.67,110,1,204.933,40,1,205.0,411,3,205.59400000000002,20,1,205.622,150,1,206.0,1930,8,0,0,0.0,0,0,0,0,0,0.0,0,0,0
50743,SZE123037,2020-08-21 09:37:09,204.688,927520,181697684.45,7976,42160,9501,204.688,20,1,204.623,50,1,204.6,260,1,204.567,180,1,204.5,100,1,204.359,130,1,204.358,30,1,204.08599999999998,860,1,204.085,50,1,204.003,930,1,205.195,200,1,205.196,270,1,205.49599999999998,90,1,205.505,150,1,205.93599999999998,90,1,206.921,100,1,206.96900000000002,100,1,207.012,90,1,207.06,90,1,207.19400000000002,720,7,0,0,0.0,0,0,0,0,0,0.0,0,0,0
50994,SZE123037,2020-08-21 09:37:12,204.08599999999998,929970,182198613.67,8012,47230,9561,204.227,120,1,204.08599999999998,660,1,204.003,930,1,204.0,6860,7,203.99099999999999,1140,7,203.99,1530,6,203.9,100,1,203.88,710,4,203.85299999999998,80,1,203.81,200,2,204.555,190,1,204.565,190,1,204.575,100,1,204.58700000000002,100,1,204.59799999999998,100,1,204.61,30,1,204.65900000000002,720,1,204.66,100,1,204.67,10,1,204.94799999999998,50,1,0,0,0.0,0,0,0,0,0,0.0,0,0,0
51230,SZE123037,2020-08-21 09:37:15,204.296,938890,184019406.0,8077,37390,10711,204.041,200,1,204.04,230,1,204.021,30,1,204.0,340,2,203.99099999999999,30,1,203.99,870,4,203.9,100,1,203.88,2740,10,203.85299999999998,80,1,203.81,200,2,204.295,190,1,204.296,210,1,204.335,440,1,204.33599999999998,100,1,204.356,200,2,204.359,40,1,204.59799999999998,100,1,204.6,810,1,204.61,30,1,204.67,10,1,0,0,0.0,0,0,0,0,0,0.0,0,0,0
51475,SZE123037,2020-08-21 09:37:18,204.26,950080,186302975.45,8171,35990,10801,203.92,280,1,203.90099999999998,150,1,203.894,100,1,203.88099999999997,540,1,203.88,2140,6,203.85299999999998,80,1,203.81,200,2,203.767,10,1,203.766,200,1,203.5,200,1,204.26,140,1,204.27900000000002,250,1,204.3,40,1,204.33599999999998,100,1,204.5,10,1,204.554,250,1,204.555,550,2,204.61,30,1,204.67,10,1,204.688,770,4,0,0,0.0,0,0,0,0,0,0.0,0,0,0
51719,SZE123037,2020-08-21 09:37:21,205.1,957670,187856478.81,8236,40620,9181,205.3,80,1,205.195,50,1,205.1,390,1,205.00400000000002,730,1,205.003,60,1,205.00099999999998,50,1,205.0,1880,3,204.701,50,1,204.7,80,1,204.55700000000002,200,1,205.794,200,1,205.865,100,1,205.922,60,1,205.926,20,1,205.93599999999998,70,1,206.0,480,3,206.921,100,1,207.0,60,1,208.0,1101,3,208.5,60,1,0,0,0.0,0,0,0,0,0,0.0,0,0,0
51974,SZE123037,2020-08-21 09:37:24,204.33700000000002,964120,189177988.67,8304,36390,12141,204.33900000000003,80,1,204.33700000000002,80,1,204.33599999999998,500,1,204.308,20,1,204.296,820,2,204.295,20,2,204.29,460,5,204.26,30,2,204.0,230,1,203.92,170,1,204.792,220,1,204.80900000000003,60,1,204.88,10,1,204.88099999999997,300,1,205.0,300,2,205.49599999999998,150,1,205.50799999999998,230,1,205.52700000000002,630,1,205.56900000000002,100,1,205.62,90,1,0,0,0.0,0,0,0,0,0,0.0,0,0,0
52211,SZE123037,2020-08-21 09:37:27,203.99400000000003,974230,191241331.79,8388,31200,14741,203.533,240,1,203.524,200,1,203.513,730,1,203.512,60,1,203.5,200,1,203.412,30,1,203.38,180,1,203.377,10,1,203.3,20,1,203.278,800,1,203.997,140,1,203.99900000000002,60,1,204.0,2100,2,204.2,820,1,204.356,200,1,204.791,260,1,204.815,20,1,205.0,200,1,205.3,340,3,205.313,580,1,0,0,0.0,0,0,0,0,0,0.0,0,0,0
52457,SZE123037,2020-08-21 09:37:30,204.359,983650,193162025.3,8465,30240,13631,204.358,70,1,204.22099999999998,200,1,204.22,290,1,204.0,580,3,203.635,50,1,203.428,730,1,203.329,10,1,203.29,90,2,203.278,550,1,203.00099999999998,350,2,204.791,260,1,204.80900000000003,10,1,205.0,230,3,205.1,20,1,205.3,970,9,205.313,580,1,205.5,60,1,205.688,120,1,205.794,250,2,205.9,50,1,0,0,0.0,0,0,0,0,0,0.0,0,0,0
52711,SZE123037,2020-08-21 09:37:33,205.0,988860,194230050.72,8530,35570,13921,205.0,300,3,204.843,120,1,204.803,520,1,204.792,2140,4,204.791,210,1,204.55900000000003,150,1,204.52900000000002,80,1,204.458,150,1,204.438,10,1,204.398,20,1,205.21900000000002,200,1,205.22,460,1,205.313,340,1,205.49900000000002,210,2,205.5,60,1,205.688,120,1,205.794,250,2,205.9,50,1,205.926,20,1,205.93599999999998,150,2,0,0,0.0,0,0,0,0,0,0.0,0,0,0
52962,SZE123037,2020-08-21 09:37:36,204.803,990130,194490490.45,8552,31120,14101,204.812,120,1,204.803,510,1,204.792,2140,4,204.791,210,1,204.55900000000003,150,1,204.458,150,1,204.33900000000003,160,1,204.33700000000002,10,1,204.2,690,1,204.0,1260,7,205.14,250,1,205.22,460,1,205.3,60,1,205.313,340,1,205.49900000000002,220,3,205.5,60,1,205.688,120,1,205.794,250,2,205.9,50,1,205.926,20,1,0,0,0.0,0,0,0,0,0,0.0,0,0,0
53200,SZE123037,2020-08-21 09:37:39,205.9,993480,195178411.68,8597,38840,12601,205.24099999999999,200,1,205.231,100,1,205.222,1400,2,205.22,390,4,205.21900000000002,2050,7,205.1,500,1,205.0,1240,4,204.89700000000002,100,1,204.792,2490,6,204.791,1210,4,205.88099999999997,200,1,205.9,70,1,205.926,20,1,205.93599999999998,150,2,205.94,120,1,205.99900000000002,40,1,206.0,460,3,206.33900000000003,20,1,206.5,100,1,207.0,50,1,0,0,0.0,0,0,0,0,0,0.0,0,0,0
53437,SZE123037,2020-08-21 09:37:42,207.99900000000002,998610,196238850.73,8649,39880,11861,207.2,10,1,207.18900000000002,120,1,207.146,20,1,207.105,150,1,207.028,630,1,207.02700000000002,90,1,207.0,1030,2,206.513,50,1,206.512,110,1,206.16,200,1,207.99,20,1,207.99900000000002,80,1,208.0,1781,17,208.5,90,2,208.688,80,1,208.78799999999998,100,1,208.83,200,1,208.85,10,1,208.88,60,2,209.0,500,2,0,0,0.0,0,0,0,0,0,0.0,0,0,0
53700,SZE123037,2020-08-21 09:37:45,207.028,1000900,196713677.42,8684,45750,12901,207.028,400,1,207.02700000000002,90,1,207.0,1140,5,206.84,100,1,206.513,50,1,206.1,1790,1,206.0,230,1,205.94,180,2,205.9,880,2,205.88099999999997,620,4,207.37599999999998,270,1,207.40400000000002,230,2,207.415,30,1,207.5,90,1,207.518,20,1,207.639,60,1,207.84799999999998,10,1,207.977,60,1,208.0,2121,19,208.5,90,2,0,0,0.0,0,0,0,0,0,0.0,0,0,0
53939,SZE123037,2020-08-21 09:37:48,207.99599999999998,1015300,199706274.4,8815,38940,10430,208.0,30,1,207.99099999999999,200,1,207.99,200,2,207.56099999999998,50,1,207.53,200,1,207.372,60,1,207.36,30,1,207.33599999999998,50,1,207.28400000000002,100,1,207.263,50,1,208.53,40,1,208.688,10,1,208.78599999999997,100,1,208.78799999999998,50,1,208.83,200,1,208.85,10,1,208.88,60,2,209.0,600,3,209.32,20,1,209.5,460,1,0,0,0.0,0,0,0,0,0,0.0,0,0,0
54174,SZE123037,2020-08-21 09:37:51,210.0,1030860,202961187.3,8926,44980,7290,210.0,990,1,209.675,60,1,209.112,180,2,209.101,50,1,209.1,430,1,209.01,2740,1,209.0,330,2,208.773,60,1,208.5,490,2,208.447,140,1,210.27,200,1,210.271,210,1,210.3,20,1,210.31,310,1,210.313,550,1,210.58,200,1,210.6,1010,2,210.68,40,1,210.688,200,1,210.7,140,1,0,0,0.0,0,0,0,0,0,0.0,0,0,0
192362,SZE123037,2020-08-21 10:07:54,211.72,1080445,213416987.603,9415,31266,56531,211.049,220,1,211.02,320,3,211.019,820,1,211.0,5006,29,210.99,200,1,210.9,470,3,210.82,190,3,210.8,770,11,210.78799999999998,170,2,210.75,420,3,211.72,480,1,212.0,800,6,212.72,30,3,213.0,500,6,213.72,700,1,214.0,210,2,214.8,300,1,214.888,120,1,214.9,70,1,215.0,2670,20,0,0,0.0,0,0,0,0,0,0.0,0,0,0
192601,SZE123037,2020-08-21 10:07:57,215.04,1091556,215792326.023,9498,38766,49511,215.041,190,1,215.011,180,1,215.0,50,1,214.115,150,1,214.065,60,1,214.063,510,4,214.043,200,1,214.032,150,1,213.99,100,1,212.5,5380,1,215.669,190,1,215.72,300,2,215.8,199,1,216.0,1180,4,216.3,110,1,216.72,220,3,217.0,260,5,217.72,500,1,217.8,1000,1,218.0,3330,6,0,0,0.0,0,0,0,0,0,0.0,0,0,0
192830,SZE123037,2020-08-21 10:08:00,212.502,1104526,218558524.48299998,9612,40826,54681,212.502,50,1,212.50099999999998,420,1,212.5,5460,2,212.0,600,3,211.921,90,1,211.72,1050,7,211.05,30,1,211.0,5016,30,210.99,200,1,210.9,470,3,212.83900000000003,190,1,212.87900000000002,80,1,212.896,20,1,212.89700000000002,60,1,212.987,200,1,212.989,410,1,213.0,1340,3,213.327,20,1,213.373,80,1,213.50900000000001,20,1,0,0,0.0,0,0,0,0,0,0.0,0,0,0
193027,SZE123037,2020-08-21 10:08:03,212.997,1114196,220614582.023,9695,33656,57171,212.547,220,1,212.537,20,1,212.525,140,1,212.505,530,1,212.00099999999998,810,1,212.0,2600,4,211.921,90,1,211.77,60,1,211.72,1080,5,211.0,3736,29,212.988,200,1,212.997,50,1,212.998,150,1,213.0,1090,2,213.72,80,1,213.84099999999998,100,1,214.0,1900,1,214.065,270,2,215.0,2090,2,215.04,790,2,0,0,0.0,0,0,0,0,0,0.0,0,0,0
193250,SZE123037,2020-08-21 10:08:06,211.611,1134416,224899147.343,9834,27816,58571,211.118,60,1,211.109,50,1,211.09900000000002,60,1,211.09599999999998,10,1,211.075,820,1,211.013,30,1,211.0,3466,27,210.99,200,1,210.9,280,2,210.82,190,3,211.59099999999998,170,1,211.611,210,1,211.62099999999998,20,1,211.639,60,1,211.643,20,1,211.687,60,1,211.72,50,1,211.757,10,1,211.763,60,1,211.78400000000002,20,1,0,0,0.0,0,0,0,0,0,0.0,0,0,0
193476,SZE123037,2020-08-21 10:08:09,211.687,1154126,229069439.353,10020,22976,58291,211.071,240,1,211.062,60,1,211.05,170,1,211.01,820,2,211.0,526,9,210.99,200,1,210.9,30,1,210.82,190,3,210.8,750,9,210.78799999999998,170,2,211.687,120,1,211.757,50,1,211.763,100,1,211.78400000000002,100,2,211.833,190,1,211.921,100,1,212.0,2010,2,212.00099999999998,100,1,212.1,20,1,212.5,10,1,0,0,0.0,0,0,0,0,0,0.0,0,0,0
193700,SZE123037,2020-08-21 10:08:12,210.99,1173146,233082206.663,10193,14466,57431,210.72,2086,18,210.6,10,1,210.301,90,1,210.3,20,1,210.271,10,1,209.0,50,1,208.83,50,1,208.72,100,1,208.612,90,1,208.0,100,1,210.99,50,1,210.99099999999999,40,1,211.0,290,2,211.09900000000002,710,2,211.108,170,1,211.109,20,1,211.118,1300,5,211.12,450,3,211.59099999999998,50,1,211.611,920,1,0,0,0.0,0,0,0,0,0,0.0,0,0,0
193918,SZE123037,2020-08-21 10:08:15,211.118,1183326,235228997.73299998,10283,15276,52791,210.34,180,1,210.321,150,1,210.102,710,1,210.101,50,1,210.1,1706,1,209.0,50,1,208.831,90,1,208.83,50,1,208.72,100,1,208.612,90,1,211.118,870,8,211.12,570,4,211.59099999999998,50,1,211.611,2070,2,211.68599999999998,100,1,211.72,110,2,211.752,230,2,212.0,460,3,212.1,20,1,212.5,220,1,0,0,0.0,0,0,0,0,0,0.0,0,0,0
194139,SZE123037,2020-08-21 10:08:18,209.56400000000002,1191536,236946982.803,10356,13280,59881,208.304,230,1,208.295,10,1,208.28400000000002,30,1,208.274,20,1,208.263,100,1,208.253,60,1,208.012,80,1,208.0,120,1,206.012,30,1,206.0,30,1,209.56400000000002,30,1,209.57299999999998,60,1,209.63400000000001,570,3,209.635,60,1,209.638,60,1,209.97799999999998,420,1,210.0,3160,10,210.271,1170,4,210.34,100,1,210.364,30,1,0,0,0.0,0,0,0,0,0,0.0,0,0,0
194359,SZE123037,2020-08-21 10:08:21,210.01,1199906,238701105.553,10429,18210,56551,210.01,90,1,209.73,260,1,209.72099999999998,50,1,209.7,710,1,209.69,150,1,209.65,10,1,209.334,100,1,209.333,100,1,209.332,90,1,209.322,40,1,210.25900000000001,60,1,210.321,660,1,210.34,1550,11,210.364,30,1,210.6,380,4,210.65,90,1,210.72,2820,18,210.72099999999998,260,1,210.78799999999998,1110,1,211.0,920,2,0,0,0.0,0,0,0,0,0,0.0,0,0,0
194570,SZE123037,2020-08-21 10:08:24,211.1,1225776,244155238.243,10596,28990,46111,211.1,210,1,211.0,1680,2,210.683,150,1,210.662,280,2,210.65,130,1,210.605,30,1,210.584,130,1,210.563,40,1,210.512,60,1,210.51,1680,1,211.454,270,1,211.463,60,1,211.475,320,2,211.611,70,1,211.662,120,2,212.0,730,4,212.1,20,1,212.5,220,1,212.502,390,4,212.505,350,1,0,0,0.0,0,0,0,0,0,0.0,0,0,0
194780,SZE123037,2020-08-21 10:08:27,212.0,1247330,248724546.79299998,10747,30056,39851,212.0,306,1,211.69299999999998,100,1,211.692,150,1,211.59099999999998,130,1,211.516,200,2,211.39,30,1,211.325,80,1,211.32,1640,1,211.132,100,1,211.118,470,1,212.27,150,1,212.291,120,1,212.3,540,1,212.31099999999998,100,1,212.761,50,1,212.99,700,2,213.0,950,1,214.99,30,1,215.0,660,9,215.04,150,4,0,0,0.0,0,0,0,0,0,0.0,0,0,0
194999,SZE123037,2020-08-21 10:08:30,212.51,1256270,250624688.39099997,10819,35060,43101,212.51,810,1,212.505,160,1,212.5,70,1,212.4,200,1,212.365,90,1,212.21,320,1,212.03400000000002,30,1,212.0,1060,4,211.81400000000002,60,1,211.59099999999998,260,2,212.775,280,1,212.78400000000002,10,1,212.847,10,1,212.99900000000002,700,5,213.0,3480,2,213.523,20,1,213.533,70,2,214.0,100,1,214.979,100,1,214.99,30,1,0,0,0.0,0,0,0,0,0,0.0,0,0,0
195211,SZE123037,2020-08-21 10:08:33,211.45,1273250,254220927.98099998,10925,22430,46481,211.127,150,1,211.118,490,2,211.1,2620,7,211.0,1170,1,210.99,20,1,210.72,90,1,210.26,30,1,210.25900000000001,140,1,210.1,130,1,210.01,300,2,211.41099999999997,200,1,211.42,560,1,211.454,180,1,211.519,50,1,211.52,240,1,211.799,110,1,211.8,3170,1,212.0,720,7,212.27,80,2,212.51,100,1,0,0,0.0,0,0,0,0,0,0.0,0,0,0
195417,SZE123037,2020-08-21 10:08:36,210.791,1294250,258656447.45099998,11051,19630,55151,210.28900000000002,170,1,210.28,10,1,210.27,50,1,210.26,30,1,210.25900000000001,140,1,210.101,710,1,210.1,130,1,210.01,90,1,210.0,110,2,209.565,800,1,210.791,160,1,210.8,980,1,211.0,4400,8,211.1,110,4,211.39,160,2,211.59099999999998,20,2,211.8,1780,1,212.0,3760,11,212.03400000000002,200,1,212.27,80,2,0,0,0.0,0,0,0,0,0,0.0,0,0,0
195614,SZE123037,2020-08-21 10:08:39,210.0,1304810,260875312.70099998,11121,17500,53721,209.585,290,1,209.576,40,1,209.56400000000002,300,2,209.332,10,1,209.27,20,1,209.017,750,1,209.0,480,2,208.263,100,1,208.002,830,1,208.00099999999998,500,1,209.988,60,1,210.0,390,1,210.989,390,3,210.99,450,2,211.0,4900,9,211.1,50,3,211.127,70,1,211.13,10,1,211.41099999999997,80,1,211.59099999999998,20,2,0,0,0.0,0,0,0,0,0,0.0,0,0,0
195831,SZE123037,2020-08-21 10:08:42,209.579,1312110,262406133.051,11179,18480,49701,209.579,70,1,209.57,90,1,209.56,20,1,209.55700000000002,100,1,209.033,10,1,209.032,90,1,209.02200000000002,50,1,209.012,10,1,209.0,410,2,208.454,10,1,209.83900000000003,160,1,209.84,190,1,209.84900000000002,100,1,209.85,50,1,209.851,20,1,209.937,200,1,209.99,630,1,210.0,2510,5,210.01,760,2,210.1,130,1,0,0,0.0,0,0,0,0,0,0.0,0,0,0
196071,SZE123037,2020-08-21 10:08:45,208.86599999999999,1316100,263237925.88099998,11220,16320,49299,208.00900000000001,20,1,208.0,1400,2,207.59099999999998,60,1,207.1,1000,1,206.05,100,1,206.0,190,2,205.922,50,1,205.6,240,1,205.57299999999998,600,1,205.2,1800,1,208.86599999999999,160,1,208.875,20,1,208.895,630,1,208.915,470,1,208.92700000000002,60,1,208.968,150,1,208.99,90,1,209.0,1720,2,209.27,80,1,209.47299999999998,100,1,0,0,0.0,0,0,0,0,0,0.0,0,0,0
196285,SZE123037,2020-08-21 10:08:48,209.033,1323730,264831619.38099998,11277,19370,45439,209.012,60,1,209.0,1780,2,208.25400000000002,80,1,208.253,50,1,208.243,90,1,208.233,150,1,208.2,110,1,208.13,550,1,208.01,30,1,207.59099999999998,60,1,209.27,560,4,209.47099999999998,190,1,209.472,390,3,209.47299999999998,100,1,209.53,10,1,209.55700000000002,120,2,209.57,1950,6,209.576,120,1,209.579,530,8,209.58,80,2,0,0,0.0,0,0,0,0,0,0.0,0,0,0
196504,SZE123037,2020-08-21 10:08:51,210.31,1341020,268457320.701,11410,41530,40861,210.32,220,1,210.31099999999998,50,1,210.301,40,1,210.00099999999998,10,1,210.0,380,1,209.83900000000003,210,1,209.801,1400,2,209.8,2780,1,209.613,120,1,209.60299999999998,50,1,210.99099999999999,170,1,211.0,1760,3,211.1,40,2,211.118,20,1,211.127,20,2,211.13,1090,3,211.41099999999997,10,1,211.59099999999998,20,2,212.0,2380,12,212.03400000000002,200,1,0,0,0.0,0,0,0,0,0,0.0,0,0,0
196734,SZE123037,2020-08-21 10:08:54,209.83900000000003,1350820,270518754.47099996,11495,31730,40745,209.83900000000003,1090,1,209.8,2780,1,209.60299999999998,50,1,209.6,600,1,209.56400000000002,270,1,209.52200000000002,50,1,209.5,630,1,209.47099999999998,50,1,209.27,820,3,209.012,1860,2,209.99900000000002,200,1,210.0,1040,1,210.179,50,1,210.36700000000002,30,1,210.625,710,8,210.645,80,2,210.64700000000002,30,1,210.726,70,1,210.99,100,1,211.0,1044,4,0,0,0.0,0,0,0,0,0,0.0,0,0,0
196958,SZE123037,2020-08-21 10:08:57,209.612,1363320,273142275.111,11582,27650,44375,209.612,120,1,209.604,50,1,209.60299999999998,150,1,209.593,50,1,209.581,220,1,209.579,10,1,209.565,790,1,209.56400000000002,270,1,209.47099999999998,500,1,209.27,990,6,209.987,30,1,209.99,410,1,210.31799999999998,490,1,210.31900000000002,60,1,210.32,960,5,210.321,30,1,210.36700000000002,30,1,210.5,800,1,210.99,70,1,210.99099999999999,200,1,0,0,0.0,0,0,0,0,0,0.0,0,0,0
197174,SZE123037,2020-08-21 10:09:00,210.35,1371980,274966145.571,11652,28000,38785,210.35,850,1,210.03400000000002,200,1,210.033,100,1,210.032,200,1,210.023,820,1,210.021,150,1,210.012,30,1,210.0,810,4,209.99900000000002,130,2,209.99,600,1,210.768,250,1,210.77700000000002,120,1,210.832,80,2,210.979,80,1,210.98,500,1,211.0,2534,1,211.1,40,2,211.118,20,1,211.127,10,1,211.13,820,2,0,0,0.0,0,0,0,0,0,0.0,0,0,0
197386,SZE123037,2020-08-21 10:09:03,211.0,1383264,277346241.487,11718,31800,34111,210.99099999999999,80,1,210.99,1620,2,210.88,400,1,210.53599999999997,200,1,210.535,20,1,210.362,80,2,210.033,100,1,210.032,200,1,210.0,5350,5,209.99900000000002,160,4,211.40200000000002,200,1,211.41,30,1,211.41099999999997,10,1,211.59099999999998,20,2,211.99900000000002,60,1,212.0,1730,13,212.27,80,2,212.51,70,3,212.68599999999998,10,1,212.7,130,1,0,0,0.0,0,0,0,0,0,0.0,0,0,0
197595,SZE123037,2020-08-21 10:09:06,211.25599999999997,1395494,279930265.577,11799,32390,36341,211.003,60,1,211.0,190,1,210.99,40,1,210.98,2010,1,210.77700000000002,230,1,210.77,60,1,210.768,1290,2,210.35,160,1,210.321,780,1,210.1,230,1,211.25400000000002,40,1,211.25599999999997,80,2,211.266,160,1,211.278,10,1,211.333,100,1,211.38099999999997,30,1,211.799,710,1,211.8,900,1,212.26,90,1,212.27,80,2,0,0,0.0,0,0,0,0,0,0.0,0,0,0
197819,SZE123037,2020-08-21 10:09:09,211.708,1405964,282143394.407,11892,31760,36491,211.412,60,1,211.403,50,1,211.40200000000002,190,2,211.4,10,1,211.303,50,1,211.233,50,1,211.02200000000002,70,1,211.00099999999998,90,1,211.0,380,1,210.99099999999999,220,1,211.699,200,1,211.708,10,1,211.709,310,1,211.8,450,1,211.89,550,1,211.98,210,1,212.0,150,2,212.27,80,2,212.51,70,3,212.579,2100,1,0,0,0.0,0,0,0,0,0,0.0,0,0,0
198033,SZE123037,2020-08-21 10:09:12,211.4,1417644,284613650.417,11987,30470,40551,211.403,130,1,211.40200000000002,80,1,211.3,70,1,211.278,200,1,211.268,80,1,211.266,330,1,211.265,50,1,211.25599999999997,1360,2,211.25400000000002,50,1,211.25,70,1,211.5,2470,1,211.59400000000002,50,1,211.68900000000002,50,1,211.69799999999998,20,1,211.7,50,1,211.8,1380,2,211.88,500,2,211.89,550,1,211.98,210,1,211.99,400,1,0,0,0.0,0,0,0,0,0,0.0,0,0,0
198266,SZE123037,2020-08-21 10:09:15,211.69400000000002,1428304,286867695.707,12048,30720,37591,211.421,170,1,211.412,1070,1,211.4,700,1,211.32299999999998,40,1,211.30200000000002,150,1,211.293,100,1,211.27900000000002,40,1,211.278,240,1,211.266,880,2,211.25599999999997,1640,4,211.69400000000002,430,1,211.696,60,1,211.708,120,1,211.799,700,1,211.8,360,1,211.88,10,1,211.99,400,1,212.0,190,2,212.27,390,3,212.51,70,3,0,0,0.0,0,0,0,0,0,0.0,0,0,0
198478,SZE123037,2020-08-21 10:09:18,210.46900000000002,1450074,291464725.227,12161,16370,41241,210.143,200,1,210.13400000000001,60,1,210.101,430,1,210.032,200,1,210.0,1240,4,209.99900000000002,10,1,209.99099999999999,10,1,209.99,90,1,209.987,10,1,209.83900000000003,70,2,210.46900000000002,160,1,210.47799999999998,30,1,210.488,280,1,210.49,770,1,210.699,540,1,210.7,1600,1,210.8,800,1,210.957,70,1,211.0,220,3,211.003,160,1,0,0,0.0,0,0,0,0,0,0.0,0,0,0
198676,SZE123037,2020-08-21 10:09:21,210.5,1460644,293686748.367,12249,14470,41051,210.07,210,1,210.06099999999998,150,1,210.05200000000002,20,1,210.03099999999998,20,1,210.01,150,1,209.83900000000003,50,1,209.775,120,1,209.72,30,1,209.579,10,1,209.56400000000002,140,1,210.5,390,1,210.699,690,1,210.8,800,1,211.0,170,2,211.003,160,1,211.268,100,1,211.391,150,1,211.4,260,3,211.403,530,2,211.412,290,2,0,0,0.0,0,0,0,0,0,0.0,0,0,0
198903,SZE123037,2020-08-21 10:09:24,208.25900000000001,1469424,295523813.747,12314,13370,42809,208.268,10,1,208.25900000000001,70,1,208.2,110,1,208.00900000000001,10,1,208.0,550,5,207.6,50,1,207.59099999999998,60,1,207.1,1000,1,207.05,100,1,207.0,130,2,208.74099999999999,210,1,208.75,60,1,208.90200000000002,100,1,209.0,290,1,209.437,20,1,209.551,70,2,209.678,440,2,209.7,970,1,209.78099999999998,10,1,209.796,30,1,0,0,0.0,0,0,0,0,0,0.0,0,0,0
199113,SZE123037,2020-08-21 10:09:27,209.7,1473194,296312317.027,12362,14390,45371,209.16,210,1,209.139,30,1,209.033,50,1,209.012,50,1,208.74200000000002,710,1,208.74099999999999,200,1,208.033,200,2,208.032,30,1,208.02200000000002,20,1,208.00900000000001,10,1,209.7,250,1,209.99099999999999,60,1,210.0,1220,5,210.01,290,3,210.023,190,1,210.03400000000002,60,1,210.06099999999998,140,2,210.07,240,2,210.139,100,5,210.143,150,2,0,0,0.0,0,0,0,0,0,0.0,0,0,0
199332,SZE123037,2020-08-21 10:09:30,207.1,1486034,298992606.227,12465,13270,45239,207.912,190,1,207.903,10,1,207.12099999999998,150,1,207.11,120,1,207.1,120,1,207.021,100,1,207.013,60,1,207.0,100,1,206.77599999999998,100,1,206.775,50,1,208.25900000000001,420,1,208.268,150,1,208.511,100,1,208.896,710,1,208.979,100,1,208.98,100,1,209.0,2470,2,209.297,100,1,209.488,30,1,209.493,10,1,0,0,0.0,0,0,0,0,0,0.0,0,0,0
199537,SZE123037,2020-08-21 10:09:33,207.87900000000002,1489914,299799180.387,12499,15540,54649,207.227,180,1,207.218,100,1,207.207,60,1,207.195,100,1,207.18400000000003,810,1,207.13099999999997,100,1,207.13,550,1,207.1,1420,2,207.054,20,1,207.0,100,1,207.87900000000002,490,1,207.88,1230,1,208.0,50,1,208.238,50,1,208.239,370,9,208.25900000000001,370,1,208.268,480,5,208.27,120,2,208.511,100,1,208.74200000000002,20,1,0,0,0.0,0,0,0,0,0,0.0,0,0,0
199783,SZE123037,2020-08-21 10:09:36,206.775,1497554,301382735.807,12552,16860,46249,206.55,100,1,206.36,110,1,206.0,2210,3,205.922,50,1,205.76,420,1,205.57299999999998,600,1,205.5,1770,1,205.1,1800,1,205.0,240,4,204.803,10,1,206.985,250,1,206.99400000000003,180,2,206.997,200,1,206.99900000000002,720,1,207.0,990,1,207.207,330,7,207.8,70,1,207.859,40,2,207.91,70,1,207.912,130,3,0,0,0.0,0,0,0,0,0,0.0,0,0,0
199995,SZE123037,2020-08-21 10:09:39,207.912,1509354,303829923.257,12652,24730,46249,207.921,240,1,207.912,160,1,207.87900000000002,350,1,207.643,720,1,207.642,60,1,207.544,60,1,207.21900000000002,20,1,207.207,60,1,207.197,10,1,207.196,120,1,208.27,90,1,208.511,100,1,208.895,100,1,209.0,10,1,209.033,10,1,209.16,280,4,210.0,900,3,210.01,10,1,210.023,340,1,210.05200000000002,10,1,0,0,0.0,0,0,0,0,0,0.0,0,0,0
200212,SZE123037,2020-08-21 10:09:42,208.609,1518334,305702217.857,12725,40260,46009,208.4,210,1,208.25099999999998,120,1,208.012,100,1,208.0,1110,3,207.924,40,1,207.912,160,1,207.88,1910,2,207.87900000000002,350,1,207.6,1000,1,207.551,2210,1,208.606,790,1,208.707,120,1,209.628,30,1,209.94799999999998,100,1,209.958,720,2,209.96599999999998,100,1,209.968,130,1,209.96900000000002,90,1,209.979,100,1,209.989,150,1,0,0,0.0,0,0,0,0,0,0.0,0,0,0
200403,SZE123037,2020-08-21 10:09:45,209.0,1524684,307028206.617,12781,36130,45899,209.0,280,1,208.5,320,2,208.442,160,2,208.421,150,1,208.27,610,1,208.263,20,1,208.00099999999998,790,1,208.0,1310,4,207.921,30,1,207.88,910,1,209.555,250,1,209.574,110,1,209.584,60,1,209.59599999999998,60,1,209.628,30,1,209.94799999999998,100,1,209.958,720,2,209.968,130,1,209.96900000000002,90,1,209.979,100,1,0,0,0.0,0,0,0,0,0,0.0,0,0,0
200619,SZE123037,2020-08-21 10:09:48,208.012,1529054,307939047.307,12821,35470,49139,208.012,60,2,208.01,720,1,208.0,200,2,207.88099999999997,840,1,207.87900000000002,350,1,207.643,140,1,207.551,2210,1,207.35,1200,1,207.3,1310,2,207.11,1450,1,208.27,660,1,208.4,1950,2,208.54,250,1,208.549,20,1,208.606,30,1,208.745,60,1,208.81,100,1,208.89,90,1,208.9,520,1,209.0,490,2,0,0,0.0,0,0,0,0,0,0.0,0,0,0
200851,SZE123037,2020-08-21 10:09:51,207.797,1533124,308785078.557,12853,27470,53029,207.55200000000002,270,1,207.35,1200,1,207.3,1310,2,207.23,400,1,207.1,140,3,207.00099999999998,50,1,207.0,2210,4,206.984,160,1,206.98,400,1,206.87900000000002,130,1,207.797,20,1,207.799,400,1,207.8,1100,1,207.9,210,1,207.968,100,1,207.977,300,1,208.0,700,3,208.25,190,3,208.27,480,3,208.4,2040,3,0,0,0.0,0,0,0,0,0,0.0,0,0,0
201073,SZE123037,2020-08-21 10:09:54,208.77,1541504,310528661.957,12912,33140,48109,208.19,230,1,208.18099999999998,100,1,208.18,200,1,208.16,600,1,208.07299999999998,50,1,208.06099999999998,590,1,208.01,200,1,208.0,2970,3,207.701,840,1,207.7,760,1,208.75900000000001,200,1,208.76,340,1,208.989,70,1,208.99599999999998,100,1,208.998,50,1,208.99900000000002,120,1,209.0,1540,7,209.555,170,1,209.627,100,1,209.9,500,1,0,0,0.0,0,0,0,0,0,0.0,0,0,0
201275,SZE123037,2020-08-21 10:09:57,208.34400000000002,1546484,311567768.56700003,12945,39190,45729,208.34400000000002,70,1,208.33599999999998,200,1,208.335,60,1,208.334,100,1,208.32299999999998,50,1,208.293,810,1,208.273,690,1,208.27,1870,3,208.24200000000002,60,1,208.202,150,1,208.96099999999998,220,1,208.997,60,1,209.0,880,9,209.555,170,1,209.627,100,1,209.94799999999998,250,2,209.979,100,1,209.989,150,1,210.0,840,2,210.01,10,1,0,0,0.0,0,0,0,0,0,0.0,0,0,0
201474,SZE123037,2020-08-21 10:10:00,208.421,1552304,312782538.217,13000,41870,47329,208.421,90,1,208.41099999999997,110,1,208.4,1040,1,208.3,40,1,208.27,4840,5,208.26,1500,1,208.19099999999997,30,1,208.19,360,2,208.16,600,1,208.11700000000002,100,1,208.669,200,1,208.67,570,1,208.672,110,1,208.675,30,1,208.696,240,1,208.706,100,1,208.736,300,1,208.76,450,1,208.77,570,1,208.77200000000002,50,1,0,0,0.0,0,0,0,0,0,0.0,0,0,0
201685,SZE123037,2020-08-21 10:10:03,208.40099999999998,1555954,313543473.087,13023,39350,47379,208.5,80,1,208.40099999999998,20,1,208.4,1400,1,208.354,100,1,208.34400000000002,290,1,208.3,40,1,208.27,4840,5,208.19,360,2,208.18,30,1,208.16,600,1,208.613,200,1,208.643,470,1,208.65400000000002,110,1,208.65900000000002,300,1,208.66299999999998,450,1,208.666,90,1,208.669,100,1,208.675,30,1,208.77,570,1,208.77200000000002,50,1,0,0,0.0,0,0,0,0,0,0.0,0,0,0
201899,SZE123037,2020-08-21 10:10:06,209.25,1566134,315668717.347,13081,38590,44741,209.25,400,1,209.00900000000001,80,1,209.0,1940,3,208.669,1540,1,208.421,160,1,208.34400000000002,290,1,208.335,110,1,208.271,830,1,208.27,4160,4,208.19,360,2,209.442,200,1,209.44299999999998,400,2,209.46400000000003,640,2,209.53099999999998,60,1,209.545,100,1,209.555,170,1,209.94799999999998,250,2,209.989,150,1,210.0,1480,7,210.01,10,1,0,0,0.0,0,0,0,0,0,0.0,0,0,0
202138,SZE123037,2020-08-21 10:10:09,209.0,1570394,316559568.007,13111,37950,44099,208.9,10,1,208.672,200,1,208.671,100,1,208.67,910,2,208.669,1730,3,208.66299999999998,160,1,208.643,200,1,208.613,260,3,208.61,80,1,208.5,20,1,209.0,680,1,209.266,590,1,209.268,230,1,209.342,30,1,209.4,1410,2,209.555,170,1,209.94799999999998,250,2,209.989,150,1,210.0,1480,7,210.01,10,1,0,0,0.0,0,0,0,0,0,0.0,0,0,0
202356,SZE123037,2020-08-21 10:10:12,208.703,1573834,317278528.027,13144,36390,44399,208.801,200,1,208.8,150,1,208.764,150,1,208.703,690,1,208.692,150,1,208.683,20,1,208.671,80,1,208.67,110,1,208.669,1730,3,208.66299999999998,160,1,209.18099999999998,200,1,209.201,110,1,209.23,100,1,209.253,60,1,209.266,480,1,209.342,30,1,209.4,1410,2,209.555,170,1,209.947,100,1,209.94799999999998,250,2,0,0,0.0,0,0,0,0,0,0.0,0,0,0
202559,SZE123037,2020-08-21 10:10:15,208.88,1577994,318147386.747,13181,36170,47229,208.673,200,1,208.672,530,1,208.67,100,1,208.669,1650,3,208.66299999999998,160,1,208.643,200,1,208.613,420,5,208.61,30,1,208.5,40,2,208.421,550,2,208.88,4540,1,208.938,20,1,208.97099999999998,100,1,209.0,260,4,209.097,30,1,209.172,80,1,209.25,60,1,209.4,130,2,209.555,170,1,209.947,100,1,0,0,0.0,0,0,0,0,0,0.0,0,0,0
202770,SZE123037,2020-08-21 10:10:18,208.8,1582574,319103544.647,13219,38300,47369,208.8,20,1,208.734,50,1,208.733,3170,1,208.703,580,1,208.669,900,1,208.643,200,1,208.613,420,5,208.61,30,1,208.5,40,2,208.421,550,2,208.88,3550,2,208.938,20,1,208.97099999999998,100,1,209.0,700,3,209.172,80,1,209.201,140,1,209.25,80,2,209.32,10,1,209.4,130,2,209.555,170,1,0,0,0.0,0,0,0,0,0,0.0,0,0,0
203002,SZE123037,2020-08-21 10:10:21,209.32,1592674,321213906.337,13271,40460,44891,209.202,580,1,209.201,200,1,209.2,60,1,209.1,1150,1,209.0,180,1,208.9,1270,1,208.88,120,2,208.755,50,1,208.734,230,2,208.733,2840,1,209.4,130,2,209.555,170,1,209.947,100,1,209.94799999999998,250,2,209.989,150,1,210.0,1500,10,210.01,10,1,210.023,340,1,210.05200000000002,10,1,210.07,1580,4,0,0,0.0,0,0,0,0,0,0.0,0,0,0
203213,SZE123037,2020-08-21 10:10:24,209.55,1593954,321481929.477,13283,40470,45521,209.303,60,1,209.3,30,1,209.25400000000002,200,1,209.253,180,1,209.21400000000003,250,1,209.202,580,1,209.1,1150,1,209.0,240,2,208.9,260,1,208.88,1160,7,209.514,200,1,209.548,80,1,209.55,300,1,209.553,50,1,209.554,200,1,209.555,170,1,209.947,100,1,209.94799999999998,250,2,209.989,150,1,210.0,1510,11,0,0,0.0,0,0,0,0,0,0.0,0,0,0
203414,SZE123037,2020-08-21 10:10:27,210.072,1600944,322949317.977,13336,41580,41111,210.074,50,1,210.072,120,1,210.071,170,1,210.05200000000002,10,1,210.01,10,1,210.0,3590,1,209.6,20,1,209.58700000000002,50,1,209.567,40,1,209.4,250,2,210.34,10,1,210.34400000000002,50,1,210.49900000000002,300,4,210.5,630,1,210.55200000000002,250,1,210.72,30,1,210.99099999999999,500,1,211.0,940,14,211.2,170,1,211.27,10,1,0,0,0.0,0,0,0,0,0,0.0,0,0,0
203629,SZE123037,2020-08-21 10:10:30,210.571,1603464,323479702.307,13357,43370,39681,210.612,290,1,210.593,50,1,210.502,440,1,210.5,1110,1,210.19400000000002,50,1,210.05200000000002,10,1,210.01,10,1,210.00099999999998,840,1,210.0,260,1,209.989,190,1,210.94,160,1,210.979,100,1,210.987,60,1,210.99099999999999,500,1,211.0,520,12,211.2,170,1,211.27,10,1,211.4,20,1,211.412,490,3,211.421,80,1,0,0,0.0,0,0,0,0,0,0.0,0,0,0
203847,SZE123037,2020-08-21 10:10:33,210.55200000000002,1606884,324200279.06700003,13387,40970,40553,210.562,190,1,210.55200000000002,840,1,210.5,1110,1,210.34400000000002,150,2,210.34,410,6,210.074,150,2,210.0,260,1,209.989,190,1,209.94799999999998,480,1,209.947,200,1,210.82299999999998,190,1,210.824,200,1,210.85299999999998,50,1,210.9,250,1,210.908,160,1,210.99099999999999,500,1,211.0,460,11,211.063,42,1,211.2,170,1,211.27,10,1,0,0,0.0,0,0,0,0,0,0.0,0,0,0
204044,SZE123037,2020-08-21 10:10:36,209.68900000000002,1615794,326073059.077,13456,33200,47953,209.69,200,1,209.68900000000002,220,1,209.66,500,1,209.63,150,1,209.62099999999998,20,1,209.6,100,2,209.58700000000002,50,1,209.55,30,1,209.514,670,6,209.51,180,2,209.949,200,1,209.95,500,1,209.997,100,1,209.99900000000002,50,1,210.0,5010,10,210.074,250,1,210.1,1680,1,210.75599999999997,230,1,210.85299999999998,50,1,210.9,250,1,0,0,0.0,0,0,0,0,0,0.0,0,0,0
204272,SZE123037,2020-08-21 10:10:39,209.97,1623814,327755614.577,13534,30450,46723,209.68,170,1,209.63099999999997,560,1,209.59099999999998,150,1,209.52599999999998,50,1,209.514,10,1,209.51,170,1,209.4,410,2,209.304,190,2,209.0,100,3,208.888,10,1,209.959,20,1,209.96,80,1,209.989,100,1,210.0,3650,6,210.074,270,2,210.1,1680,1,210.11,10,1,210.34400000000002,460,1,210.5,330,1,210.56,10,1,0,0,0.0,0,0,0,0,0,0.0,0,0,0
204467,SZE123037,2020-08-21 10:10:42,209.299,1628884,328817525.847,13585,26670,52603,208.993,200,1,208.912,20,1,208.892,30,1,208.88,120,2,208.734,100,1,208.733,2840,1,208.703,60,1,208.673,10,1,208.669,900,1,208.66299999999998,40,1,209.299,100,1,209.3,100,1,209.495,210,1,209.497,810,1,209.5,1380,1,209.688,90,1,209.69,2220,2,209.8,1090,1,209.91299999999998,100,1,210.0,4670,6,0,0,0.0,0,0,0,0,0,0.0,0,0,0
204676,SZE123037,2020-08-21 10:10:45,209.275,1629624,328972437.737,13597,26760,61253,208.96099999999998,250,1,208.912,20,1,208.88,120,2,208.735,100,1,208.734,100,1,208.733,2840,1,208.703,60,1,208.673,10,1,208.669,900,1,208.66299999999998,40,1,209.275,660,1,209.278,80,1,209.27900000000002,100,1,209.47400000000002,10,1,209.495,110,1,209.5,2440,2,209.514,620,1,209.68,200,4,209.69,2840,4,209.8,1090,1,0,0,0.0,0,0,0,0,0,0.0,0,0,0
204875,SZE123037,2020-08-21 10:10:48,208.88,1633554,329793800.087,13630,25450,56561,208.733,2840,1,208.703,60,1,208.673,10,1,208.669,900,1,208.643,200,1,208.613,100,1,208.6,50,1,208.50599999999997,140,1,208.3,10,1,208.27,3040,2,208.99599999999998,200,1,208.997,390,1,208.99900000000002,410,1,209.0,1090,2,209.252,50,1,209.25400000000002,150,1,209.255,100,1,209.278,80,1,209.299,180,1,209.47400000000002,10,1,0,0,0.0,0,0,0,0,0,0.0,0,0,0
205096,SZE123037,2020-08-21 10:10:51,208.487,1638404,330806044.017,13651,21560,50591,208.301,50,1,208.3,10,1,208.271,180,1,208.27,3040,2,208.013,100,1,208.012,280,2,208.0,1140,5,207.949,20,1,207.8,10,1,207.797,10,1,208.487,200,1,208.49,350,1,208.963,340,1,208.97400000000002,150,1,208.976,100,1,208.989,80,1,208.993,480,2,209.0,1390,5,209.012,370,1,209.275,120,1,0,0,0.0,0,0,0,0,0,0.0,0,0,0
205330,SZE123037,2020-08-21 10:10:54,206.87900000000002,1647944,332787911.917,13705,14010,55891,206.2,20,1,206.1,1000,1,206.0,590,7,205.922,50,1,205.87900000000002,100,1,205.76,420,1,205.57299999999998,600,1,205.25,1580,1,205.0,200,5,204.803,10,1,206.99099999999999,280,1,206.99900000000002,90,1,207.0,90,1,207.707,20,1,207.76,340,1,207.79,160,1,207.829,50,1,207.893,200,1,208.0,4350,3,208.298,400,1,0,0,0.0,0,0,0,0,0,0.0,0,0,0
205522,SZE123037,2020-08-21 10:10:57,206.68599999999998,1651424,333507577.267,13730,17910,58491,206.37,40,1,206.36900000000003,150,1,206.317,430,1,206.3,1320,1,206.27900000000002,30,1,206.25,800,1,206.21599999999998,50,1,206.207,820,1,206.201,130,2,206.2,20,1,206.957,210,1,206.965,200,1,206.96599999999998,50,1,206.968,100,1,206.97099999999998,20,1,207.0,1770,2,207.05,110,1,207.27900000000002,100,1,207.55,390,1,207.55200000000002,180,1,0,0,0.0,0,0,0,0,0,0.0,0,0,0
205737,SZE123037,2020-08-21 10:11:00,206.62400000000002,1657994,334864102.577,13792,19090,55051,206.359,190,1,206.351,450,1,206.35,250,2,206.312,30,1,206.3,800,1,206.25,800,1,206.21599999999998,50,1,206.201,100,1,206.2,320,2,206.1,1000,1,206.615,270,1,206.62400000000002,80,1,206.791,870,1,206.894,100,1,206.937,20,1,207.0,1770,2,207.05,110,1,207.27900000000002,100,1,207.55200000000002,180,1,208.0,590,4,0,0,0.0,0,0,0,0,0,0.0,0,0,0
205985,SZE123037,2020-08-21 10:11:03,207.101,1664514,336213581.697,13849,26140,50571,207.101,30,1,207.1,4270,1,207.063,170,1,207.0,570,3,206.8,310,1,206.731,1000,1,206.615,100,1,206.60299999999998,100,1,206.601,840,1,206.6,800,1,207.543,190,1,207.55200000000002,180,1,207.99900000000002,460,2,208.0,80,2,208.063,20,1,208.298,400,1,208.3,200,2,208.301,2150,3,208.483,180,1,208.69400000000002,150,1,0,0,0.0,0,0,0,0,0,0.0,0,0,0
206188,SZE123037,2020-08-21 10:11:06,207.21,1671584,337679110.307,13886,26480,50341,207.21,1330,1,207.2,40,1,207.12,230,1,207.102,190,1,207.1,2780,1,207.0,570,3,206.99099999999999,40,1,206.96,60,1,206.957,100,1,206.9,20,1,207.40099999999998,20,1,207.41400000000002,460,1,207.43599999999998,150,1,207.46599999999998,90,1,207.5,1200,1,207.6,520,1,207.797,50,1,208.0,80,2,208.063,20,1,208.298,400,1,0,0,0.0,0,0,0,0,0,0.0,0,0,0
206391,SZE123037,2020-08-21 10:11:09,207.40099999999998,1679674,339356105.087,13935,22900,50471,207.146,80,1,207.144,130,1,207.143,110,1,207.13400000000001,60,1,207.13299999999998,80,1,207.122,150,1,207.101,230,1,207.0,2000,1,206.957,240,2,206.9,20,1,207.40099999999998,160,1,207.40200000000002,260,1,207.43200000000002,40,1,207.533,650,1,207.543,20,1,207.6,520,1,207.797,50,1,208.0,80,2,208.298,400,1,208.3,10,1,0,0,0.0,0,0,0,0,0,0.0,0,0,0
206606,SZE123037,2020-08-21 10:11:12,207.92700000000002,1684894,340439108.12700003,13974,24700,45061,207.584,100,1,207.546,60,1,207.543,220,1,207.50799999999998,20,1,207.495,540,1,207.41400000000002,410,1,207.40099999999998,950,4,207.101,150,2,207.1,290,1,207.0,2000,1,207.868,180,1,207.92700000000002,90,1,207.937,20,1,207.989,240,1,208.0,980,4,208.298,400,1,208.3,10,1,208.301,430,1,208.483,180,1,208.73,430,1,0,0,0.0,0,0,0,0,0,0.0,0,0,0
206815,SZE123037,2020-08-21 10:11:15,207.54,1687434,340966624.577,13995,25140,47511,207.54,50,1,207.5,70,1,207.495,540,1,207.43900000000002,150,1,207.41400000000002,410,1,207.40099999999998,1080,7,207.146,510,2,207.101,150,2,207.1,290,1,207.0,2240,4,207.795,200,1,207.797,90,1,207.799,20,1,207.8,2220,1,207.80700000000002,280,1,207.88,220,1,207.926,50,1,208.0,1110,5,208.063,50,1,208.298,400,1,0,0,0.0,0,0,0,0,0,0.0,0,0,0
207033,SZE123037,2020-08-21 10:11:18,208.021,1699284,343429251.68700004,14055,33120,43671,208.021,150,1,208.02,210,1,208.0,1830,2,207.92700000000002,100,1,207.87,250,1,207.868,2330,2,207.62099999999998,150,1,207.584,40,1,207.58,10,1,207.56099999999998,70,1,208.28599999999997,50,1,208.287,200,1,208.296,560,1,208.297,650,1,208.298,400,1,208.3,10,1,208.301,430,1,208.483,180,1,208.95,470,1,208.96200000000002,100,1,0,0,0.0,0,0,0,0,0,0.0,0,0,0
207221,SZE123037,2020-08-21 10:11:21,208.0,1702644,344128247.727,14073,30230,42211,208.0,2690,4,207.989,60,1,207.92700000000002,100,1,207.87,290,3,207.868,2840,5,207.795,140,2,207.62099999999998,150,1,207.6,50,1,207.584,40,1,207.549,200,1,208.199,200,1,208.2,70,1,208.263,210,1,208.267,180,1,208.297,650,1,208.3,10,1,208.301,430,1,208.483,180,1,208.95,470,1,208.96200000000002,100,1,0,0,0.0,0,0,0,0,0,0.0,0,0,0
207428,SZE123037,2020-08-21 10:11:24,208.29,1707204,345077014.38699996,14105,27120,42641,208.032,200,1,208.03099999999998,70,1,207.93900000000002,70,1,207.92700000000002,90,1,207.87099999999998,830,1,207.87,290,3,207.868,1130,3,207.8,100,1,207.795,150,3,207.62099999999998,150,1,208.296,200,1,208.297,540,1,208.3,10,1,208.301,430,1,208.483,180,1,208.95,470,1,208.96200000000002,100,1,208.993,500,1,209.0,90,4,209.202,110,1,0,0,0.0,0,0,0,0,0,0.0,0,0,0
207647,SZE123037,2020-08-21 10:11:27,207.99900000000002,1708984,345447445.607,14123,25260,46581,207.87099999999998,130,1,207.87,290,3,207.868,1130,3,207.8,100,1,207.795,110,2,207.62099999999998,150,1,207.6,170,2,207.584,40,1,207.549,200,1,207.546,110,1,207.99900000000002,450,1,208.0,1460,1,208.199,230,1,208.2,2500,2,208.3,10,1,208.301,430,1,208.483,180,1,208.95,470,1,208.96200000000002,100,1,208.993,500,1,0,0,0.0,0,0,0,0,0,0.0,0,0,0
207882,SZE123037,2020-08-21 10:11:30,207.40099999999998,1727134,349215587.317,14189,19040,47421,207.09,100,1,207.02200000000002,30,1,207.01,200,1,207.0,2210,8,206.9,20,1,206.731,50,1,206.68599999999998,100,1,206.615,100,1,206.60299999999998,100,1,206.5,40,1,207.513,200,1,207.523,100,1,207.544,50,1,207.551,60,1,207.56400000000002,580,1,207.581,640,1,207.61599999999999,150,1,207.8,260,1,207.95,910,1,207.998,70,1,0,0,0.0,0,0,0,0,0,0.0,0,0,0
208075,SZE123037,2020-08-21 10:11:33,207.32,1729434,349692004.44699997,14208,18180,50061,207.05200000000002,200,1,207.051,170,1,207.032,80,1,207.012,20,1,207.011,80,1,207.0,1130,7,206.731,50,1,206.68599999999998,100,1,206.615,100,1,206.5,40,1,207.308,570,1,207.31,230,1,207.32,590,1,207.32299999999998,30,1,207.326,200,1,207.33900000000003,50,1,207.41,10,1,207.498,30,1,207.61599999999999,150,1,207.87,2220,2,0,0,0.0,0,0,0,0,0,0.0,0,0,0
208298,SZE123037,2020-08-21 10:11:36,206.5,1735764,351000299.95699996,14253,18240,48691,206.25099999999998,200,1,206.24,90,1,206.2,20,1,206.101,1420,2,206.1,1000,1,206.0,1040,11,205.922,50,1,205.87900000000002,100,1,205.8,10,1,205.76,420,1,206.97400000000002,60,1,206.975,100,1,206.977,60,1,206.979,150,1,206.998,150,1,207.0,1890,2,207.09,110,1,207.30700000000002,20,1,207.41,10,1,207.498,30,1,0,0,0.0,0,0,0,0,0,0.0,0,0,0
208514,SZE123037,2020-08-21 10:11:39,206.954,1739574,351788243.64699996,14287,19350,47301,206.303,180,1,206.28400000000002,80,1,206.273,100,1,206.264,80,1,206.252,30,1,206.141,860,1,206.111,50,1,206.101,840,1,206.0,1040,11,205.922,50,1,206.954,130,1,206.99400000000003,60,1,206.998,90,1,206.99900000000002,150,1,207.0,250,2,207.05,100,1,207.051,160,1,207.05200000000002,20,1,207.09,110,1,207.257,560,1,0,0,0.0,0,0,0,0,0,0.0,0,0,0
208725,SZE123037,2020-08-21 10:11:42,207.05200000000002,1746734,353271446.677,14346,21970,44451,207.053,200,1,207.05200000000002,60,1,207.00599999999997,60,1,207.005,80,1,207.00400000000002,50,1,207.002,80,1,207.0,490,2,206.99,50,1,206.8,1050,1,206.68599999999998,210,1,207.782,260,1,207.80200000000002,60,1,207.822,230,1,207.82299999999998,300,1,207.87,160,2,207.87099999999998,90,1,207.98,300,1,207.99900000000002,210,1,208.0,150,4,208.032,50,1,0,0,0.0,0,0,0,0,0,0.0,0,0,0
